3604 5288
885 316 1098 379 ..59-

347 490 507 555 Herodoti
538 509 590 554 res
619 509 658 554 ac
686 493 836 570 tempora
866 488 935 569 ipse
964 487 1089 551 viderit.
1145 486 1249 551 Nemo
1282 488 1368 551 enim
1397 488 1478 553 alius
1507 487 1632 568 cogitari

347 597 466 674 potest,
495 594 550 674 qui
577 611 632 657 eas
661 611 713 655 res
741 594 925 671 compertas
951 590 1103 654 habuerit
1125 590 1367 671 memoriaeque
1389 589 1572 671 prodiderit,
1593 609 1632 652 ne

346 696 441 760 Duris
464 696 604 778 quidem.
638 693 669 758 ls
692 693 777 758 enim
799 692 944 757 Dioclem
963 692 1169 775 Panyassidis
1188 696 1316 773 patrem
1335 691 1433 757 fuisse
1450 691 1533 768 dicit,
1550 692 1632 772 quod

347 818 467 863 nomen
493 802 630 874 veteres,
661 817 734 861 cum
761 796 940 877 Polyarchi,
967 796 1083 878 Lyrae,
1111 794 1290 871 RhoeoniS,
1317 793 1481 859 Tbeodori
1507 793 1633 858 nomina

347 902 412 966 tide
426 902 524 983 digna
537 900 769 977 existimarent,
784 903 942 980 tanquam
953 899 1072 963 falsum
1084 898 1272 963 reiecerunt.
1295 898 1394 978 Apud
1407 897 1540 962 Suidam
1554 896 1634 961 enim

347 1004 577 1086 grammaticus
599 1003 662 1080 ille,
685 1002 739 1084 qui
763 1003 803 1066 de
819 1001 1026 1085 Panyassidis
1049 1005 1081 1065 et
1099 1000 1258 1065 Herodoti
1285 999 1511 1082 cognationem
1532 999 1633 1076 refert,

347 1107 525 1189 Polyarchi,
548 1107 665 1188 Lyxae,
687 1105 855 1170 Rhoeonis
874 1104 1059 1168 nominibus
1078 1104 1187 1181 utitur,
1210 1102 1328 1167 Dioclis
1344 1122 1465 1166 nomen
1482 1102 1632 1184 repudiat.

347 1347 555 1401 Halicarnasseo
573 1345 661 1414 quinti
678 1362 747 1400 saec.
764 1345 876 1399 extremi
890 1345 994 1413 Lyxam
1010 1344 1147 1413 quendam
1161 1343 1353 1412 Pigraetilium
1367 1342 1503 1397 nominari
1517 1342 1633 1396 vidimus.

348 1433 400 1500 Qui
418 1432 512 1486 titulus
529 1449 592 1486 cum
609 1448 665 1485 non
683 1431 769 1485 multo
787 1429 920 1485 recentior
932 1429 1063 1483 Herodoti
1076 1433 1165 1483 aetate
1183 1430 1224 1487 sit.
1243 1430 1336 1498 magni
1352 1428 1485 1484 momenti
1501 1433 1548 1494 est,
1566 1429 1634 1496 quod

347 1519 415 1572 haec
439 1517 552 1571 nomina
574 1521 638 1571 sunt
662 1516 777 1570 alterum
798 1516 895 1584 patris,
921 1516 1035 1570 alterurn
1059 1515 1114 1568 tilii.
1159 1515 1265 1569 Scimus
1291 1515 1363 1569 enim
1386 1515 1545 1570 Artemisiae
1566 1513 1635 1568 fratri

348 1620 470 1672 quoque,
496 1603 542 1671 qui
565 1602 661 1657 studiis
683 1600 795 1670 poeticis
819 1617 931 1669 operam
955 1601 1040 1669 dedit,
1068 1601 1163 1670 Pigrae
1185 1617 1286 1656 nomen
1310 1602 1401 1656 fuisse.
1436 1602 1477 1656 Ex
1500 1617 1555 1669 quo
1579 1616 1635 1654 cum

348 1690 464 1744 eundern
481 1689 589 1756 Pigrarn
612 1688 800 1756 intellegamus
818 1687 990 1756 Lygdamidis
1007 1687 1092 1741 fllium
1116 1687 1210 1752 tuisse,
1235 1688 1282 1756 qui
1299 1687 1459 1741 Artemisiae
1485 1687 1534 1740 tuit
1558 1691 1635 1754 pater,

347 1790 405 1827 non
422 1774 603 1843 neglegendus
621 1773 664 1827 ille
681 1773 813 1828 Herodoti
829 1773 906 1827 locus
923 1772 1029 1827 videtur
1046 1789 1118 1838 esse,
1142 1789 1197 1842 quo
1221 1773 1255 1826 de
1272 1773 1431 1828 Artemisiae
1456 1773 1538 1840 stirpe
1559 1771 1636 1825 rerba

347 1860 424 1914 fiunt.
451 1859 508 1913 VII.
532 1860 575 1912 99.
618 1855 780 1930 Ἀρτεμισίης
798 1859 825 1912 δὲ
844 1857 1082 1930 (παραμίμνημαι),
1106 1862 1152 1929 τῆς
1171 1857 1281 1926 μάλιστα
1300 1857 1379 1926 θῶμα
1402 1859 1520 1926 ποιεῦμαι
1539 1857 1577 1910 tu
1593 1859 1635 1924 τὴν

344 1943 461 1999 Ἑλλάδα
479 1947 711 2015 στρατευσαμένης,
736 1943 863 2014 γυναικός,
886 1939 942 2015 ἥτις
965 1943 1141 2003 ἀποθανόντος
1163 1947 1208 1997 τοῦ
1233 1943 1323 2016 ἀνδρὸς
1347 1943 1412 2012 αδτή
1432 1961 1459 1996 τε
1483 1943 1576 2015 ἔχουσα
1593 1944 1635 2010 τὴν

347 2030 494 2098 τυραννίδα,
519 2031 563 2083 καί
585 2029 673 2090 παιδὸς
697 2029 856 2102 ὑπάρχοντος
878 2030 986 2101 νεηνίεω
1011 2029 1058 2084 ‘aab
1080 2030 1196 2100 λήματός
1219 2033 1308 2084 τεκαὶ
1333 2030 1457 2101 ἀνδρηίης
1475 2029 1635 2101 imperaturo,

348 2117 469 2187 οδδιμιής
488 2115 579 2188 ίούαης
598 2117 622 2171 οί
639 2117 786 2188 ἀναγκαίης.
814 2112 913 2182 οὔνομα
931 2117 978 2183 μὲν
997 2117 1029 2186 δὴ
1046 2109 1080 2186 ἦν
1099 2117 1164 2188 αδτῇ
1184 2114 1341 2188 Ἀρτεμισίη,
1359 2115 1474 2202 θυγάτηρ
1490 2116 1517 2168 u
1531 2110 1563 2184 ἦν
1577 2111 1635 2181 Λορ.

349 2203 448 2270 δάμιος,
465 2205 538 2271 γένος
556 2202 583 2256 δὲ
598 2201 625 2264 ίξ
639 2199 845 2273 Ἀλικαρνησοοδ
864 2204 896 2254 τά
914 2202 977 2271 πρδς
993 2203 1097 2272 πατρίς,
1116 2204 1147 2256 τὰ
1162 2204 1290 2276 μητρδδιν
1307 2203 1334 2256 δὲ
1345 2199 1461 2270 Κρῆσσα.
1488 2200 1637 2256 Artemisiae

349 2289 420 2343 enim
435 2289 532 2342 marito
548 2293 574 2343 et
586 2288 651 2355 filio,
670 2305 740 2357 quae
753 2288 866 2343 nomina
881 2288 986 2354 fuerint,
1005 2288 1043 2342 ibi
1056 2306 1114 2342 non
1128 2290 1191 2344 dicit
1200 2289 1354 2344 Herodotus
1367 2289 1461 2342 datam
1476 2287 1637 2341 occasionem

348 2375 500 2443 neglegens,
518 2391 580 2427 cum
593 2380 706 2442 uterque
718 2374 825 2427 illomm
841 2374 900 2442 ipso
916 2375 977 2428 loco
987 2381 1220 2429 commemoretur.
1248 2376 1284 2430 At
1292 2375 1468 2444 Lygdamidis
1479 2375 1560 2428 tiliam
1569 2371 1637 2426 Arte·

349 2459 457 2514 misiam
480 2459 563 2512 fuisse
581 2464 608 2512 et
624 2460 697 2512 unde
722 2459 839 2526 epatris
863 2464 952 2526 parte,
976 2461 1048 2513 unde
1066 2477 1082 2512 a
1101 2460 1194 2513 matris
1216 2461 1332 2514 oriunda
1352 2460 1445 2525 fuerit,
1470 2459 1566 2513 addere
1588 2473 1638 2510 non

350 2545 458 2598 omittit.
501 2544 569 2597 Miro
595 2543 676 2612 igitur
702 2545 786 2598 modo
807 2545 962 2598 Herodotus
986 2544 1097 2598 tacitum
1122 2551 1203 2615 atque
1225 2547 1298 2600 idem
1320 2546 1463 2615 loquacem
1488 2561 1517 2600 se
1537 2544 1639 2612 praebet

349 2646 475 2694 narrans,
503 2645 575 2697 quae
601 2645 659 2684 non
685 2634 872 2699 expectamus
899 2647 971 2699 quae
997 2637 1182 2700 expectamus,
1209 2633 1331 2687 reticens.
1372 2633 1479 2700 Quibus
1501 2635 1535 2688 de
1557 2630 1638 2687 causis

348 2716 517 2770 Herodotum
545 2731 560 2769 e
586 2715 668 2784 stirpe
698 2716 882 2785 Lygdamidis,
919 2717 1078 2772 Artemisiae
1109 2719 1205 2786 patris,
1234 2724 1323 2772 ortum
1342 2735 1414 2784 esse,
1438 2721 1490 2774 etsi
1514 2720 1588 2788 plura
1610 2733 1638 2770 ac

349 2801 473 2870 graviora
496 2801 660 2856 documenta
684 2818 741 2856 non
764 2807 873 2870 praesto
897 2809 972 2868 sunt,
1000 2808 1092 2858 tamen
1116 2804 1173 2858 veri
1197 2804 1323 2858 dissimile
1347 2806 1428 2859 nobis
1451 2823 1510 2860 non
1533 2805 1637 2858 videtur.

350 2886 426 2953 Quae
453 2903 495 2940 res
517 2887 540 2940 si
565 2887 604 2940 ita
627 2904 655 2942 se
679 2888 774 2953 habet,
801 2888 945 2956 Panyassis
969 2895 999 2944 ut
1025 2889 1161 2944 Herodoto
1186 2896 1319 2959 cognatus
1341 2908 1403 2944 curn
1427 2891 1507 2961 Pigra
1530 2889 1637 2958 aequali,

348 2971 509 3027 Artemisiae
534 2973 609 3026 fratri
640 2979 666 3027 et
692 2973 895 3042 propinquitate
923 2981 949 3029 et
975 2975 1070 3030 studiis
1096 2975 1208 3044 poeticis
1235 2975 1396 3031 coniunctus
1426 2979 1563 3046 putandus
1592 2980 1637 3029 est.

348 3059 448 3113 Eorum
467 3058 548 3127 igitur
565 3059 685 3113 virorum
703 3064 882 3128 cognatorum
900 3062 1023 3129 exemplo
1041 3062 1196 3115 Herodotus
1213 3075 1280 3129 puer
1304 3061 1339 3114 ad
1363 3062 1485 3116 studium
1508 3064 1637 3118 literarum

348 3144 479 3198 excitatus
506 3144 622 3208 videtur,
656 3161 772 3212 quarum
804 3145 832 3198 in
863 3145 932 3200 libro
964 3163 1015 3200 suo
1048 3163 1077 3202 se
1107 3148 1219 3215 praebet
1244 3147 1443 3216 gnarissimum.
1494 3150 1553 3217 lpse
1578 3161 1636 3200 vero

347 3230 414 3283 liber
431 3246 493 3283 curn
516 3229 562 3282 illa
580 3229 707 3297 opinione
725 3246 782 3284 non
799 3235 916 3298 pugnat,
940 3248 995 3300 quo
1014 3232 1180 3297 Herodotus,
1205 3250 1267 3287 curn
1285 3233 1473 3288 diversissimis
1490 3235 1556 3288 locis
1572 3247 1637 3301 quae

347 3320 440 3369 narrat
456 3331 509 3369 usu
525 3315 667 3368 hominum
685 3315 915 3369 nobilissimorum
937 3317 1099 3384 comperisse
1117 3319 1255 3386 putandus
1272 3317 1319 3383 sit,
1343 3319 1400 3387 ipse
1420 3336 1531 3388 quoque
1547 3332 1636 3388 genere

347 3401 531 3455 nobilissimus
554 3401 700 3464 indicetur,
725 3401 795 3455 sicut
818 3402 917 3455 Suidae
941 3401 1095 3456 testimonio
1120 3403 1243 3458 traditur.
1279 3404 1381 3459 Deinde
1403 3421 1468 3458 vero
1492 3404 1637 3459 Herodotus

348 3486 405 3540 suis
428 3487 518 3540 verbis
542 3484 573 3539 H.
596 3486 646 3539 143
668 3486 746 3541 docet
769 3503 799 3540 se
822 3503 919 3556 genere
943 3504 1001 3541 non
1022 3488 1176 3543 interiorem
1199 3489 1281 3543 tuisse
1303 3490 1454 3555 Hecataeo,
1484 3491 1530 3560 qui
1556 3503 1636 3542 sacer·

348 3571 457 3624 dotibus
474 3570 624 3639 Aegyptiis,
650 3588 711 3626 cum
734 3572 866 3640 templum
888 3573 960 3627 lovis
978 3573 1101 3628 Thebani
1124 3575 1233 3639 viseret,
1259 3575 1376 3630 maiores
1398 3592 1464 3630 snos
1483 3588 1637 3630 enumerans

347 3656 510 3710 sedecimum
532 3672 592 3710 esse
615 3657 695 3711 deum
718 3657 791 3715 dixit.
833 3658 988 3714 Herodotus
1010 3660 1082 3714 enim
1104 3677 1133 3716 se
1157 3677 1222 3716 suos
1244 3661 1360 3715 maiores
1384 3679 1441 3716 non
1464 3673 1637 3719 enumerasse,

347 3758 409 3795 cum
427 3741 455 3794 in
472 3741 518 3795 illo
536 3743 636 3810 templo
655 3743 726 3796 idem
744 3744 817 3810 quod
835 3744 986 3799 Hecataeus
1005 3746 1107 3800 videret
1125 3753 1206 3816 atque
1224 3747 1340 3811 audiret,
1366 3753 1437 3801 certe
1461 3764 1517 3800 non
1535 3745 1638 3800 dixisset

347 3831 489 3895 totamque
507 3829 540 3882 de
558 3828 685 3881 Hecataei
703 3828 851 3883 maioribus
869 3832 1100 3886 narratiunculam
1124 3833 1201 3886 aliter
1221 3831 1353 3901 flexisset,
1376 3834 1399 3887 si
1421 3833 1551 3900 maiores,
1574 3845 1639 3898 quos

347 3929 505 3966 enumerare
516 3918 622 3981 posset,
641 3913 699 3981 ipse
716 3930 773 3967 non
790 3915 939 3970 habuisset.
966 3918 1090 3990 πρότερον
1113 3919 1140 3972 u
1154 3914 1289 3988 Ἑκαταίῳ
1308 3923 1344 3991 τῷ
1361 3919 1489 3990 λογοποιῷ
1506 3918 1533 3970 tv
1546 3915 1639 3986 Θήβησι

347 3999 559 4068 γενεηλογήσαντί
578 4017 605 4050 τι
625 3999 784 4052 lucubraret
807 4000 961 4070 ἀναδήσαντι
985 4005 1032 4073 τὴν
1056 4005 1165 4073 πατριὴν
1188 4001 1213 4062 ίς
1236 4003 1418 4058 ίαιιαιδίνιατον
1442 4004 1500 4058 διδν
1524 4003 1639 4072 ίποίησαν

348 4083 452 4153 οίιίρίις
470 4087 516 4137 τοῦ
534 4082 591 4144 Διὸς
610 4083 667 4138 otto
686 4103 709 4137 τι
727 4087 771 4138 καί
789 4084 847 4152 ίμοί
865 4086 896 4139 οὐ
914 4088 1126 4160 γενεηλογήσαντι
1152 4090 1289 4156 ίμτιυυτδν.
1329 4091 1462 4159 Denique,
1487 4088 1510 4144 si
1531 4087 1641 4156 scriptor

346 4169 390 4222 ille
407 4175 566 4238 paupertate
585 4187 730 4239 oppressus
747 4172 922 4241 praemioque
940 4176 1033 4230 decem
1050 4176 1214 4230 talentorum
1240 4176 1275 4228 ab
1294 4176 1503 4230 Atheniensibus
1528 4175 1639 4228 donatus

347 4271 381 4308 ex
394 4255 553 4309 Artemisiae
566 4256 648 4325 stirpe
661 4274 747 4324 genus
765 4258 848 4320 duxit,
867 4259 963 4313 melius
980 4261 1065 4314 verba
1079 4261 1136 4315 eius
1149 4261 1288 4329 praeclara
1305 4261 1351 4316 illa
1368 4261 1559 4330 intelleguntur
1571 4259 1590 4312 Ι.
1604 4257 1639 4307 5.:

347 4341 379 4392 τὰ
396 4341 443 4411 γὰρ
462 4340 491 4393 τδ
509 4341 587 4394 πάλαι
607 4343 705 4413 μιγάλοι
723 4336 764 4414 ἦν,
783 4345 814 4396 τὰ
832 4344 918 4396 πολλὰ
936 4344 1022 4398 αὐτῶν
1041 4348 1135 4419 σμικρὰ
1153 4349 1248 4416 γίγονε,
1267 4349 1299 4399 τὰ
1317 4348 1343 4401 δὲ
1358 4346 1393 4400 ἐπ’
1412 4348 1473 4416 ίμιῦ
1487 4341 1521 4418 ἦν
1537 4342 1638 4413 μεγάλαν

347 4427 469 4495 πρότιμον
491 4420 524 4498 ἦν
547 4430 648 4500 σμικροί.
677 4431 724 4498 τὴν
750 4429 919 4501 ἀνθρωπηίην
945 4422 983 4484 οἶν
1008 4432 1172 4501 ίπιοτάμενος
1195 4433 1358 4504 εὐδαιμονίην
1383 4434 1483 4501 οὐδαμοί
1506 4433 1532 4484 tv
1550 4428 1638 4497 τώυτῷ

346 4513 471 4576 μίνοοσαν
491 4513 661 4583 ίπιμνήοομαι
680 4515 834 4587 ἀμφοτέρων
854 4515 959 4583 δμοίως.
