3604 5288
749 334 961 397 ..13-

215 590 218 595 ¹
296 505 368 568 Hoc
389 524 449 586 per
470 525 505 570 se
528 505 607 570 satis
630 508 768 569 constat.
811 504 879 569 Nec
906 505 1013 569 minus
1042 509 1215 582 constaret,
1246 505 1373 570 etiamsi
1399 506 1500 570 verba

209 610 363 688 corrupta
393 609 504 692 ὁμοίως
534 609 568 672 δὲ
596 611 647 672 καὶ
671 602 839 693 Ἡρόδοτος
865 608 999 692 Θούριον,
1032 628 1116 688 quae
1143 607 1231 689 apud
1260 606 1430 691 Suidam1)
1459 609 1500 673 de

211 709 341 776 Duridis
362 709 549 775 testimonio
571 710 745 789 adduntur,
768 711 865 792 plane
883 710 1044 775 deessent.
1077 709 1304 792 intellegemus
1318 730 1395 774 vero
1413 711 1501 775 idem

211 813 263 883 bis
292 813 398 878 verbis
429 813 616 894 significari,
650 813 739 894 quod
769 813 810 878 de
841 814 970 878 Duridis
1002 813 1189 878 testimonio
1222 813 1288 877 iam
1318 814 1500 891 statuimus,

214 916 265 984 cui
286 916 399 981 addita
428 915 502 992 sint,
532 934 574 980 ne
602 915 695 980 alteri
723 916 764 980 de
790 916 897 998 patria
919 916 1065 998 opinioni
1086 916 1120 980 id
1142 918 1274 981 obstare
1297 916 1379 981 falso
1401 918 1499 998 puta·

210 1022 307 1084 retur.

297 1121 364 1186 Sed
380 1121 559 1197 videamus,
578 1141 658 1185 num
675 1142 709 1186 re
726 1141 803 1186 vera
820 1121 902 1186 haec
919 1123 1080 1187 sententia
1096 1123 1271 1188 verbomm
1289 1123 1340 1200 sit,
1364 1143 1502 1205 quorum

212 1228 248 1289 ut
271 1225 480 1289 emendatam
500 1223 640 1290 formam
661 1244 905 1306 cognoscamus
933 1245 953 1288 a
978 1225 1147 1306 proposito
1169 1226 1295 1307 longius
1317 1226 1412 1290 nobis
1434 1227 1502 1291 dis-

212 1327 395 1392 cedendum
423 1330 482 1392 est.
531 1327 728 1410 Corruptum
756 1327 843 1392 enim
871 1329 980 1392 locum
1013 1348 1085 1392 esse
1114 1329 1324 1394 manifestum
1347 1333 1405 1407 est,
1429 1349 1503 1394 oum

212 1429 400 1495 Herodotus
437 1429 517 1494 nihil
554 1450 695 1514 usquam
733 1430 774 1495 de
811 1430 1011 1514 Panyasside
1046 1431 1357 1497 commemoraverit.
1410 1433 1502 1510 Quae

212 1536 322 1598 autem
350 1532 393 1596 ad
419 1532 527 1598 locum
555 1533 797 1598 emendandum
818 1537 978 1616 temptata
1000 1536 1084 1612 sunt,
1111 1535 1245 1616 probari
1266 1554 1334 1600 non
1354 1539 1502 1616 possunt.
1619 1529 1621 1534 ’

213 1632 449 1719 Tzschirneri2)
487 1636 574 1700 enirn
607 1636 806 1713 coniectura,
840 1637 895 1718 qui
927 1637 1028 1700 verba
1061 1639 1171 1722 ὁμοίως
1204 1641 1252 1702 καὶ
1284 1637 1501 1726 Νυμφόδωρος,

216 1738 340 1823 Θούριον
371 1738 405 1802 δέ
436 1739 532 1804 scribi
560 1739 672 1817 voluit,
704 1739 883 1804 mirabilior
915 1742 965 1803 est
998 1759 1097 1822 quam
1125 1743 1162 1804 ut
1190 1740 1319 1821 placere
1352 1741 1504 1823 cuiquam

213 1841 365 1923 potuerit.
393 1841 507 1922 Neque
526 1845 637 1906 autem
652 1842 857 1934 Wesselingii
874 1843 981 1921 lecti0,
1001 1863 1100 1924 quarn
1119 1863 1205 1908 nunc
1225 1863 1339 1908 omnes
1362 1863 1503 1925 sequun-

107 1953 109 1958 ’
213 1948 276 2022 tur,
302 1944 435 2026 probari
460 1944 570 2022 debet,
597 1963 786 2026 quanquam
808 1945 949 2010 dubitari
970 1965 1037 2010 non
1058 1948 1169 2027 potest
1191 1946 1269 2027 quin
1290 1945 1397 2018 sonna
1414 1942 1505 2030 Ἥρό-

214 2051 300 2114 δοτον
327 2047 370 2111 ab
400 2066 439 2111 eo
470 2050 557 2112 recte
586 2048 736 2112 restituta
766 2049 816 2112 sit.
860 2048 946 2112 Nam
974 2048 1001 2112 si
1023 2043 1190 2132 Ἠρόδοτυς
1212 2049 1318 2113 forma
1339 2049 1423 2113 falsa
1445 2054 1504 2126 est,

208 2145 376 2236 Ἡρόδοτον
398 2150 540 2214 formam
562 2150 657 2214 scribi
679 2169 813 2214 necesse
836 2154 895 2228 est,
917 2170 959 2214 ne
982 2151 1071 2214 omni
1093 2151 1255 2215 sententia
1276 2151 1366 2216 locus
1385 2156 1503 2217 careat.

214 2254 278 2334 Qui
300 2255 360 2319 etsi
382 2256 508 2318 mutato
530 2252 593 2316 hoc
614 2254 715 2317 verbo
738 2256 901 2318 correctus
922 2257 980 2330 esl,
1003 2257 1115 2317 tamen
1132 2253 1328 2334 depravatus
1348 2274 1419 2318 esse
1436 2273 1504 2318 non

214 2358 341 2424 desinit.
392 2357 524 2422 Nullam
562 2356 649 2421 enirn
687 2356 882 2422 sententiam
915 2355 1071 2432 admittit,
1112 2376 1196 2437 quae
1228 2356 1362 2438 probari
1395 2360 1504 2439 queat,

214 2461 361 2544 quamvis
387 2479 507 2541 magna
534 2460 722 2537 subtilitate,
744 2464 781 2525 ut
802 2460 1008 2541 probabilem
1030 2459 1174 2542 aliquam
1195 2459 1397 2540 indagarent,
1419 2479 1504 2524 non-

215 2565 294 2629 nulli
315 2565 366 2629 usi
388 2565 462 2628 sint.

299 2681 471 2767 Heysius³)
500 2683 587 2748 enim
615 2684 717 2749 Durin
745 2683 914 2748 Herodoto
945 2701 1061 2763 pamm
1095 2685 1245 2746 accurate
1272 2682 1395 2748 Thurin
1429 2702 1505 2764 cog·

215 2806 337 2853 nornen
358 2788 513 2852 indidisse
536 2787 685 2869 opinans,
708 2786 797 2868 quod
818 2785 1005 2850 Herodotus
1023 2803 1091 2849 non
1109 2785 1261 2862 ThuriuS,
1284 2786 1342 2850 sed
1361 2806 1382 2851 a
1399 2786 1506 2867 patria

217 2889 482 2954 Halicarnasseus
509 2889 723 2973 appellandus
746 2893 841 2966 esset,
864 2888 965 2952 verba
987 2888 1098 2972 όροίυς
1120 2888 1154 2951 δὲ
1176 2889 1226 2951 acl
1243 2883 1409 2973 Ἡρόδοτον
1432 2889 1506 2953 Θοό

220 3016 280 3077 ριον
313 2990 387 3055 ideo
421 2992 533 3058 addita
565 3013 636 3058 esse
670 2991 845 3058 arbitratus
878 2992 941 3068 est,
978 3009 1020 3054 ne
1057 2989 1152 3054 ullius
1186 2991 1343 3056 momenti
1375 2990 1506 3056 Duridis

216 3094 438 3160 testimonium
467 3115 538 3160 esse
564 3096 738 3162 videretur.
794 3093 891 3171 Quod
920 3113 961 3157 ne
990 3095 1097 3157 totum
1127 3096 1213 3158 esset
1242 3092 1506 3173 improbandum,

215 3197 383 3281 Stollius⁴)
413 3199 512 3264 aliam
539 3199 626 3263 viam
652 3199 816 3280 ingressus
843 3198 892 3260 est
920 3196 966 3260 sic
992 3195 1060 3260 fere
1088 3198 1249 3260 statuens:
1282 3195 1385 3259 Durin
1411 3195 1507 3259 simili

217 3302 317 3366 modo
340 3302 382 3366 de
403 3301 563 3366 Herodoti
584 3322 623 3366 ac
643 3299 851 3382 Panyassidis
873 3299 980 3381 patria
1001 3299 1102 3364 verba
1123 3298 1248 3363 fecisse.
1290 3298 1375 3375 Quia
1397 3301 1507 3362 autern

218 3403 423 3468 Herodotum
444 3391 603 3468 Thurium
625 3403 833 3487 appellasset,
857 3420 933 3465 eum
955 3400 1030 3464 inde
1053 3420 1235 3482 cognomen
1257 3401 1391 3481 cepisse,
1418 3401 1507 3482 quod

215 3505 345 3570 Thuriis
379 3505 433 3570 ille
471 3506 669 3574 domicilium
702 3506 901 3572 collocasset.
946 3503 993 3568 Ex
1021 3522 1087 3584 quo
1115 3503 1256 3584 intellegi
1281 3503 1460 3585 Panyassin
1486 3523 1508 3567 a

215 3607 337 3672 Duride
364 3607 512 3673 Samium
541 3611 740 3692 appellatum
768 3628 854 3686 esse,
883 3626 951 3671 non
977 3607 1066 3687 quod
1091 3606 1183 3674 Sami
1210 3609 1306 3671 natus
1330 3609 1425 3684 esset,
1448 3606 1507 3670 sed

216 3712 293 3794 quia
314 3711 434 3776 diutius
457 3712 502 3776 ibi
525 3712 674 3794 degisset.

302 3831 373 3897 Hae
403 3833 583 3914 opiniones
612 3833 759 3916 quamvis
785 3832 869 3898 inter
895 3852 930 3896 se
959 3831 1120 3907 differant,
1145 3829 1263 3894 eodem
1285 3847 1393 3893 errore
1416 3831 1507 3891 ortae

217 3937 301 3998 sunt.
345 3935 484 4017 Heysius
507 3936 604 4014 enim,
627 3955 702 4000 cum
723 3935 892 4000 Herodoto
915 3935 1003 4018 apud
1029 3937 1155 3998 veteres
1178 3952 1278 4014 saepe
1303 3930 1426 3994 Thurio
1450 3949 1506 3993 co-

304 4188 325 4256 l)
352 4187 489 4256 Πανύασις,
506 4189 673 4264 Πολυάρχου,
686 4187 901 4260 Ἀλικαρνουοιός
920 4230 928 4245 .
947 4231 954 4244 .
971 4229 979 4244 .
997 4229 1003 4242 .
1024 4177 1057 4244 .’.
1074 4185 1164 4258 Δοῦρις
1183 4187 1211 4241 u
1228 4186 1364 4246 Διοκλέους
1381 4203 1409 4238 τι
1427 4185 1507 4239 παῖδα

217 4275 407 4416 όνόγρορψοριοὶ
424 4274 530 4415 Σόρρρν·
549 4276 645 4345 ὁμοίως
662 4277 690 4331 n
707 4278 752 4331 acl
765 4275 908 4347 Ἡρόδοτος
925 4272 1042 4346 Θούριον.

301 4362 325 4512 ³3
352 4379 478 4503 C.cG.pL.
496 4402 592 4518 Heysc,
610 4449 783 4518 quaestiones
800 4450 977 4514 Herodoteae,
996 4446 1084 4501 Berol.
1105 4445 1179 4499 1897.
1206 4462 1232 4513 p.
1251 4446 1291 4498 16.
1312 4444 1351 4498 17.

303 4532 326 4602 ⁴)
353 4534 481 4588 Zeitschr.
499 4535 518 4589 f.
535 4534 839 4590 Altertumswissensch.
874 4534 959 4588 Halae
977 4535 1039 4588 Sax.
1060 4533 1133 4586 1844.
1152 4548 1177 4600 p.
1196 4531 1334 4598 conseqq.
