3604 5288
770 312 982 376 ,15-

229 487 305 548 tate.
339 483 448 547 Pretio
472 483 559 547 enirn
582 488 680 564 atque
703 483 930 547 aestimatione
953 487 1156 566 quantopere
1175 485 1305 549 illorum
1324 486 1521 551 Graecorum

230 586 340 650 civitas
362 590 494 650 nostrae
515 588 670 670 praestet,
693 604 760 649 non
782 585 1018 668 neglegendum
1041 590 1100 652 est.
1139 587 1212 651 Hoc
1232 588 1328 669 igitur
1349 588 1520 654 Strabonis

229 689 319 753 locus
350 689 410 753 sibi
432 688 515 752 vult:
548 686 735 752 Herodotus
757 688 977 753 Halicarnassi
1002 694 1099 754 natus
1128 695 1187 769 est,
1215 710 1400 773 quanquam
1427 691 1519 756 Hali·

230 811 419 857 carnasseus
441 811 528 857 nunc
549 781 616 854 non
632 791 823 873 appellatur.
856 792 1037 874 Postquam
1056 796 1143 858 enim
1161 794 1237 858 civis
1255 793 1396 858 Thurius
1415 794 1520 859 factus

229 899 287 973 est,
311 895 340 959 ei
361 895 483 960 Thurio
506 913 687 975 cognomen
709 898 788 959 erat.

314 997 411 1076 Quod
433 997 552 1062 Strabo
583 997 623 1061 de
644 997 804 1062 Herodoti
827 999 1018 1079 cognomine
1040 999 1132 1076 dicit,
1155 999 1243 1064 idern
1265 1000 1335 1065 aliis
1355 1001 1463 1065 verbis
1485 1002 1519 1065 in

226 1101 307 1165 libro
346 1101 476 1178 dicitur,
516 1121 615 1181 quern
651 1101 692 1165 de
729 1100 888 1165 Herodoti
929 1101 1128 1183 malignitate
1166 1103 1356 1188 inscriptum
1388 1104 1519 1186 plurimi

224 1204 399 1268 Plutarcho
421 1200 576 1268 tribuunt.
620 1202 705 1287 lbi1]
729 1203 816 1268 enirn
842 1203 979 1284 legimus
1000 1204 1214 1284 Herodotum,
1238 1206 1405 1287 cumipse
1427 1226 1462 1272 se
1484 1207 1518 1270 in

224 1306 547 1371 Halicarnasseorum
568 1326 704 1371 numero
727 1306 872 1384 haberet,
900 1311 1012 1372 tamen
1036 1329 1056 1372 a
1078 1309 1192 1372 ceteris
1219 1309 1327 1391 putari
1349 1309 1516 1373 Thurium.

223 1409 318 1474 Unde
341 1412 478 1490 apparet
495 1409 674 1487 Herodoto,
698 1429 772 1473 cum
788 1411 896 1490 patria
913 1411 982 1474 eius
1000 1411 1129 1493 cognita
1145 1414 1241 1488 esset,
1263 1415 1376 1476 tamen
1392 1411 1515 1476 Thurio

224 1531 405 1593 cognomen
421 1512 509 1593 apud
521 1531 635 1576 omnes
651 1513 759 1590 fuisse,
776 1513 1016 1578 Halicamassei
1034 1515 1225 1596 cognomine
1241 1515 1396 1579 inusitato
1410 1516 1515 1579 nemi·

223 1635 300 1678 nem
317 1634 413 1680 usum
430 1635 511 1693 esse,
531 1615 594 1679 nisi
609 1615 693 1680 forte
705 1616 795 1680 cuius
812 1616 966 1682 intererat
984 1617 1175 1699 cognomine
1192 1617 1348 1681 declarari
1363 1617 1514 1698 patriam.

308 1719 404 1782 Hunc
424 1738 521 1782 usum
543 1718 689 1782 obtinere
711 1719 867 1800 potuisse,
890 1720 917 1783 si
939 1719 1030 1783 initio
1049 1720 1122 1784 libri
1139 1719 1318 1783 Herodotei
1337 1720 1514 1801 antiquitus

221 1821 459 1886 Halicamassei
486 1840 667 1903 cognomen
689 1826 764 1886 ante
788 1823 934 1886 omnium
956 1823 1067 1886 oculos
1088 1823 1233 1904 positum
1256 1825 1351 1899 esset,
1381 1823 1514 1904 cogitari

220 1924 309 1988 nullo
332 1924 432 1989 modo
453 1927 572 2006 potest.
617 1925 685 1988 Nec
707 1925 810 2006 magis
833 1926 966 2007 cogitari
992 1929 1102 2007 petest
1124 1945 1144 1990 a
1165 1924 1340 1990 Plutarcho
1363 1925 1455 1988 illum
1472 1926 1514 1990 de

220 2027 379 2092 Herodoti
401 2027 601 2107 malignitate
624 2027 742 2091 librum
765 2028 920 2110 scriptum
943 2047 1024 2106 esse,
1055 2029 1082 2091 si
1104 2029 1226 2092 usitata
1247 2047 1286 2092 ac
1308 2028 1437 2108 cognita
1459 2028 1513 2093 illa

219 2130 314 2194 lectio
338 2133 417 2206 erat,
440 2149 540 2210 quam
561 2130 736 2210 genuinam
758 2151 778 2194 a
802 2130 975 2195 Plutarcho
998 2131 1155 2195 declarari
1176 2130 1369 2194 videbimus.
1408 2131 1512 2194 Immo

219 2239 255 2298 ut
271 2232 511 2297 Halicamassei
530 2251 710 2313 cognomen
726 2233 952 2314 repudiaretur
973 2233 1174 2297 consuetudo
1197 2253 1269 2296 esse
1291 2253 1358 2297 non
1372 2235 1512 2314 poterat,

218 2337 280 2401 nisi
303 2336 392 2417 quod
413 2335 485 2416 ipso
507 2334 666 2399 Herodoti
687 2335 770 2400 libro
793 2337 881 2400 aliud
904 2355 1085 2417 cognomen
1107 2335 1407 2400 commendabatur.
1447 2335 1511 2413 Sic,

217 2459 285 2503 non
312 2439 405 2503 aliter
433 2437 504 2501 fieri
528 2438 645 2519 potuit,
668 2441 704 2502 ut
726 2438 931 2504 Herodotum
954 2440 1052 2503 etiam
1074 2439 1096 2502 ii
1117 2438 1275 2502 Thurium
1297 2438 1511 2520 appellarent,

218 2543 273 2624 qui
307 2543 375 2606 eius
408 2540 549 2622 patriam
576 2560 644 2605 non
672 2542 875 2622 ignorabant.
929 2542 1011 2606 Cum
1040 2561 1117 2606 vero
1148 2542 1200 2605 hic
1229 2561 1307 2605 usus
1338 2541 1413 2604 oriri
1443 2560 1510 2604 non

216 2646 367 2727 potuerit,
391 2644 418 2708 si
441 2647 538 2708 antea
556 2639 702 2726 unquam
716 2644 876 2709 Herodoti
892 2645 1050 2709 editiones
1072 2645 1220 2722 fuissent,
1243 2644 1360 2725 quibus
1382 2643 1509 2708 traditis

215 2748 456 2813 Halicamassei
486 2741 667 2828 cognomen
698 2748 881 2829 pervulgari
912 2752 945 2812 et
978 2748 1011 2812 in
1044 2768 1140 2811 usum
1173 2748 1367 2828 scriptorum
1401 2746 1509 2810 venire

215 2856 337 2930 posset,
360 2851 394 2914 in
415 2851 486 2932 ipsa
504 2850 611 2932 prima
629 2850 702 2914 libri
719 2850 859 2914 editione
875 2850 1044 2914 Herodoto
1062 2869 1243 2931 cognomen
1261 2853 1390 2931 oportet
1408 2850 1508 2912 fuisse

216 2950 383 3034 Thurio.2)
420 2953 460 3016 Et
481 2954 628 3034 profecto
651 2954 769 3017 mirum
792 2956 887 3031 esset,
911 2953 938 3016 si
956 2953 1153 3030 Herodotus,
1177 2973 1252 3016 cum
1274 2953 1351 3016 civis
1366 2951 1507 3014 Thurios

215 3055 319 3118 factus
339 3055 605 3120 Halicarnasseus
629 3076 701 3120 esse
723 3056 881 3133 desiisset,
904 3076 925 3120 a
944 3056 1051 3138 patria
1073 3075 1108 3120 se
1128 3055 1326 3138 appellasset
1345 3054 1508 3118 civitatem

214 3157 371 3222 Thuriam
394 3159 577 3240 neglegens.

299 3261 344 3324 At
371 3262 458 3325 enim
484 3263 628 3343 aliquam
650 3264 692 3326 ob
716 3281 859 3339 causam,
891 3261 1030 3325 fortasse
1053 3261 1142 3343 quod
1164 3265 1241 3325 ante
1264 3260 1404 3324 Thurios
1428 3277 1506 3322 con-

215 3362 300 3425 ditos
333 3363 492 3427 Herodoti
529 3364 611 3428 liber
650 3366 803 3429 recitatus
845 3385 916 3429 esse
952 3364 1157 3441 tradebatur,
1199 3363 1408 3438 exst'terunt,
1451 3359 1506 3441 qui

215 3465 415 3545 cognominis
441 3466 552 3530 traditi
579 3468 652 3532 loco
680 3468 713 3532 id
736 3467 923 3544 scriberent,
954 3466 1043 3547 quod
1065 3486 1086 3530 a
1106 3465 1213 3547 patria
1241 3464 1376 3529 ductum
1399 3462 1531 3527 Hero-‘

214 3567 282 3631 doti
305 3568 469 3633 codicibus
492 3571 610 3634 nostris
638 3571 788 3635 omnibus
816 3570 964 3634 traditur.
1008 3569 1201 3633 Plutarchus
1209 3565 1235 3649 ³)
1265 3567 1351 3631 enim
1378 3565 1506 3630 videtur

300 3739 319 3809 Ι)
347 3742 414 3796 Plat.
433 3742 466 3796 de
483 3742 547 3796 mal.
564 3742 664 3795 Herod.
682 3759 705 3795 c.
723 3743 758 3795 35
775 3743 816 3796 ed.
834 3741 971 3810 Wyttenb.
989 3739 1034 3793 IV.
1052 3740 1072 3792 I.
1090 3755 1116 3806 p.
1134 3739 1193 3792 486.
1215 3735 1290 3792 Ἔδει
1307 3739 1354 3806 μὲν
1373 3730 1418 3790 οὖν
1438 3736 1504 3807 μηδὲ

210 3834 263 3886 τοῖς
290 3827 425 3899 μηδίσασιν
448 3825 586 3897 Ἑλλήνων
614 3823 679 3895 ἄγαν
706 3827 865 3896 ἐπεμβαίνειν
892 3827 936 3878 καί
962 3827 1043 3878 ταῦτα
1065 3821 1173 3894 Θούριον
1200 3825 1246 3892 μὲν
1270 3824 1317 3878 ὑπὸ
1341 3826 1394 3876 τῶν
1416 3819 1504 3876 ἄλλων

210 3913 389 3980 νομιζόμενον,
414 3912 491 3966 αὐτὸν
510 3914 538 3966 u
550 3911 554 3931 ³
565 3909 778 3985 Αλυιαρνασσίων
796 3913 994 3984 περιεχόμενον,
1019 3911 1044 3962 ol
1061 3908 1167 3980 Δωριεῖς
1184 3905 1256 3970 ὄντες
1274 3911 1339 3978 μετὰ
1355 3911 1401 3978 τὴς
1418 3926 1502 3978 γυναι-

210 3997 342 4057 κωνίτιδος
360 3999 401 4052 inl
418 4000 478 4060 τοὺς
489 3995 622 4071 ’Έλληνας
640 3999 816 4069 ἐστράτευσαν.

298 4080 320 4148 ²)
346 4083 437 4137 Dielsii
465 4089 624 4152 argumenta
652 4086 765 4139 eandem
796 4084 952 4153 opinionem
979 4083 1139 4152 proterentis
1171 4082 1295 4150 (Hermes
1321 4082 1402 4135 XXII.
1427 4081 1501 4134 1887.

209 4182 235 4233 p.
253 4166 306 4218 440
323 4167 435 4234 Annot.)
453 4169 544 4237 inepta
561 4171 626 4223 mihi
644 4171 770 4224 videntur
786 4186 852 4224 esse.
888 4170 981 4238 Neque
998 4167 1070 4223 enim
1088 4169 1195 4223 Duridis
1211 4169 1396 4222 testimonium
1413 4183 1502 4234 neque

209 4250 360 4306 Aristotelis
378 4252 454 4305 locus
473 4254 636 4309 documento
655 4273 713 4310 esse
731 4259 854 4324 possunt.

295 4335 318 4405 3)
346 4337 414 4391 Plut.
434 4337 467 4390 de
485 4338 577 4391 exsilio
600 4338 628 4392 C.
648 4341 688 4392 18.
712 4343 752 4394 ed.
772 4341 908 4409 Wyttenb.
926 4341 972 4398 111.
993 4342 1016 4394 1.
1040 4357 1066 4408 p.
1084 4341 1144 4393 437.
1171 4339 1200 4393 τὸ
1225 4338 1253 4392 n
1271 4337 1414 4410 Ἡροδότου
1427 4334 1500 4390 ‘An-

208 4425 371 4490 καρνασαίιυς
392 4424 506 4495 ίστορίης
529 4423 652 4484 ἀπόδειξις
669 4421 717 4495 ἥδε
738 4426 829 4479 πολλοὶ
847 4425 1049 4496 μεταγράφουσιν
1063 4423 1209 4498 Ἡροδότου
1227 4423 1344 4495 Θουρίου·
1363 4422 1499 4496 μετῴκησε

208 4508 255 4580 γὰρ
277 4508 310 4568 τίς
329 4507 450 4577 Θουρίους
469 4509 512 4562 καί
530 4511 577 4578 τῆς
595 4510 712 4568 ἀποικίας
730 4509 829 4581 ίκείνης
848 4515 965 4585 μιτίσχτ.
