3604 5288
724 302 933 365 ..35-

268 471 395 536 Scilicet
417 471 560 536 violenta
583 476 632 536 est
649 473 731 536 haec
747 473 979 554 interpretatio.
1012 474 1097 538 Nam
1114 475 1292 540 contrarias
1309 476 1350 541 de
1366 480 1474 542 aetate

182 574 352 655 opiniones
374 574 420 639 ita
442 574 526 639 inter
548 595 583 639 se
606 595 783 656 opponere,
805 579 842 639 ut
864 576 980 640 aetatis
1002 577 1075 640 llori
1096 581 1225 659 tempus
1241 580 1351 643 natale
1368 599 1473 661 oppo-

180 681 277 741 natur
299 677 397 758 idque
418 678 525 742 verbis
547 679 651 761 γέγονε
674 682 707 743 θῖ
728 675 773 763 ἦν,
797 698 881 759 quae
903 679 944 742 de
967 679 1083 744 aetatis
1101 681 1204 761 gradu
1222 680 1301 744 nihil
1320 681 1472 758 indicant,

180 781 360 845 absurdum
382 784 441 845 est.
486 780 553 846 Nec
575 781 709 862 cogitari
730 785 849 862 potest,
880 783 935 863 qui
956 782 1063 847 locum
1086 782 1223 864 scripsit,
1253 804 1327 850 eum
1349 783 1382 848 id
1405 785 1473 848 dic-

180 886 289 947 turum
312 883 422 960 fuisse,
446 884 535 965 quod
556 902 618 947 nos
640 884 865 950 intelleximus,
898 885 970 949 Hoc
992 885 1078 949 enim
1101 885 1128 950 si
1150 885 1291 967 intellegi
1308 887 1473 964 voluisset,

179 985 287 1049 verbis
316 1005 395 1050 usus
425 989 511 1051 esset
542 986 846 1068 significantioribus
877 1007 976 1069 quam
1004 984 1039 1072 ἦν
1070 992 1102 1052 et
1132 989 1236 1071 γέγονε
1265 993 1350 1056 ευπῖ.
1327 990 1474 1054 ῖΕῖεί

179 1091 291 1152 autem
320 1087 402 1152 haec
431 1089 532 1153 verba
558 1090 602 1153 ad
630 1089 770 1154 eundem
793 1091 910 1155 aetatis
932 1090 1069 1172 gradum
1092 1094 1155 1154 rott
1127 1091 1265 1170 ttulit,t
1251 1096 1363 1159 tamen
1383 1093 1473 1157 locus

179 1191 389 1255 nihilominus
423 1192 584 1256 absurdus
620 1195 683 1269 est,
722 1213 795 1257 cum
823 1194 919 1258 trium
951 1193 1171 1278 olympiadum
1201 1194 1374 1260 discrimen
1406 1215 1474 1260 non
1584 1251 1587 1256 .

178 1297 308 1357 tantum
330 1293 381 1371 sit,
412 1298 448 1357 ut
469 1295 569 1358 verbo
592 1299 696 1383 πολλῷ
718 1296 925 1377 respondeat.
971 1297 1080 1387 Quare
1102 1297 1272 1378 probabile
1295 1301 1345 1363 est
1366 1299 1474 1362 locum

180 1397 396 1478 compositum
427 1416 498 1460 esse
527 1398 570 1461 ab
601 1393 717 1479 aliquo
739 1398 903 1463 nesciente
931 1418 1030 1480 quam
1058 1399 1277 1480 olympiadem
1303 1402 1404 1465 verba
1426 1404 1472 1466 ἐπὶ

177 1505 236 1564 τῶν
259 1501 411 1584 Περσικῶν
433 1499 622 1581 significent.
654 1501 693 1565 cf.
716 1521 749 1582 p.
772 1501 824 1565 60.

265 1603 315 1667 Ita
343 1622 416 1666 cum
445 1622 497 1666 res
526 1623 561 1666 se
590 1603 722 1682 habeat,
754 1604 977 1685 quaerendum
1006 1608 1065 1681 est,
1095 1623 1204 1670 nonne
1227 1606 1315 1686 apud
1338 1605 1473 1671 Suidam

179 1705 242 1770 loci
272 1705 347 1769 huic
377 1705 498 1769 similes
528 1706 739 1786 reperiantur.
783 1707 824 1770 Et
854 1707 1001 1788 proiecto
1029 1707 1258 1789 quaerentibus
1280 1708 1375 1772 nobis
1397 1729 1473 1790 per-

179 1809 271 1873 multi
302 1828 337 1872 se
360 1808 509 1884 offerunt,
541 1828 623 1889 quos
646 1813 803 1891 appareat
825 1810 934 1890 inepte
958 1810 1156 1891 compositos
1179 1829 1217 1874 ac
1238 1811 1321 1875 tales
1344 1831 1415 1876 esse
1437 1815 1474 1877 ut

181 1912 330 1992 scriptor,
363 1930 461 1991 quam
483 1911 517 1975 in
539 1911 757 1992 olympiadem
780 1931 838 1976 eae
860 1932 912 1976 res
935 1913 1068 1991 cadant,
1100 1933 1184 1996 quae
1206 1916 1241 1978 ut
1263 1913 1408 1978 notiores
1430 1915 1473 1978 ad

183 2017 321 2078 aetatem
343 2012 587 2094 significandam
617 2015 766 2096 usurpari
796 2015 956 2092 solebant,
986 2015 1117 2079 scivisse
1146 2035 1213 2079 non
1242 2019 1350 2097 queat.
1400 2017 1474 2094 Qua

181 2116 360 2196 ignorantia
393 2135 629 2197 saepenumero
663 2117 784 2182 factum
819 2121 879 2196 est,
911 2122 948 2182 ut
983 2118 1035 2181 ille
1069 2121 1238 2183 auctorum
1268 2112 1401 2183 suorum
1431 2121 1473 2184 de

179 2223 287 2285 aetate
308 2219 496 2284 testimonia
518 2220 711 2301 depravaret
732 2223 802 2284 tum
824 2220 980 2298 inserens
1013 2240 1097 2301 quae
1119 2220 1153 2284 in
1175 2220 1282 2285 locum
1304 2241 1371 2285 non
1394 2241 1471 2286 con-

178 2323 434 2401 renuentium
464 2322 680 2404 coniungendi
706 2342 805 2388 causa
834 2323 969 2402 addens
1000 2343 1084 2404 quae
1113 2323 1225 2405 inepta
1253 2328 1371 2401 essent,
1402 2327 1472 2388 tum

177 2426 249 2507 ipsa
271 2425 456 2489 testimonia
478 2425 704 2506 coniungenda
724 2445 875 2507 perverse
897 2430 1037 2491 mutans,

264 2528 336 2592 Hoc
358 2528 489 2609 quidem
511 2527 582 2592 loco
606 2529 685 2592 satis
707 2529 749 2593 sit
771 2529 920 2611 exempla
935 2531 1051 2594 afferre
1068 2531 1215 2595 omnium
1236 2530 1376 2595 maxime
1399 2530 1471 2594 ido·

177 2651 254 2709 nea,
279 2635 311 2695 et
333 2631 412 2712 quid
432 2631 523 2696 locus
546 2633 682 2713 quisque
704 2632 839 2696 absurdi
860 2632 996 2710 habeat,
1029 2652 1178 2714 quaeque
1205 2633 1302 2698 fuerit
1330 2633 1472 2714 partium

179 2753 266 2798 nunc
288 2734 531 2799 coniunctorum
553 2735 690 2816 pristina
712 2733 827 2811 forma,
850 2734 962 2815 paucis
985 2735 1092 2798 verbis
1116 2736 1351 2800 demonstrare.

268 2838 295 2901 1.
331 2858 356 2900 s,
386 2857 415 2900 v.
438 2837 649 2902 Anaximenis
678 2837 807 2902 Milesii:
841 2838 944 2919 γέγονε
973 2839 1004 2900 ἐν
1035 2842 1073 2922 τῇ
1103 2845 1145 2901 νε’
1177 2840 1342 2921 ὀλυμπιάδι,
1374 2841 1404 2904 ἐν
1434 2842 1471 2924 τῇ

179 2940 319 3026 Σάρδεων
342 2941 460 3020 ἁλώσει,
485 2931 535 3005 ὀτε
558 2940 656 3022 Κῦρος
680 2942 695 3004 ὀ
719 2938 836 3024 Πέρσης
859 2943 908 3002 τόν
932 2938 1059 3022 Κροῖσον
1082 2942 1234 3004 καθεῖλεν.
1346 2963 1352 2970 ·

267 3041 449 3124 Olympiadi
475 3044 527 3107 55.
551 3044 572 3106 4
593 3043 812 3106 Anaximenes
843 3042 931 3123 apud
960 3040 1193 3124 Hieronymum
1223 3043 1381 3124 ascriptus
1412 3048 1470 3108 est.

179 3146 263 3211 Cum
292 3150 403 3210 autem
433 3146 552 3212 Sardes
583 3167 601 3210 a
630 3146 712 3228 Cyro
743 3148 858 3227 captae
887 3146 951 3210 sint
981 3145 1022 3208 ol.
1046 3146 1098 3223 58,
1128 3165 1195 3210 non
1224 3146 1265 3210 ol.
1288 3146 1341 3224 55,
1372 3147 1473 3211 verba

177 3251 281 3331 γέγονε
304 3252 336 3314 ἐν
357 3251 395 3334 τῇ
417 3255 458 3313 νε’
478 3251 632 3335 ὀλυμπιάδι
655 3249 697 3312 ab
716 3249 754 3312 iis
773 3267 858 3329 quae
877 3251 1056 3329 sequuntur
1077 3250 1263 3329 separanda
1279 3252 1364 3312 sunt.
1410 3248 1474 3325 Qui

179 3353 307 3416 diversa
328 3352 410 3416 haec
423 3352 611 3416 testimonia
626 3351 710 3414 inter
726 3371 760 3414 se
781 3351 953 3428 coniunxit,
978 3371 1051 3414 eum
1068 3351 1220 3429 nescisse,
1243 3370 1308 3432 quo
1325 3354 1473 3432 tempore

179 3455 301 3520 Sardes
323 3475 343 3518 a
366 3454 448 3536 Cyro
472 3458 586 3535 captae
610 3455 682 3529 sint,
706 3453 915 3517 manifestum
939 3451 997 3517 est.

265 3559 295 3621 2.
329 3577 355 3621 ε.
372 3578 402 3620 v.
419 3556 611 3638 Pyrrhonis:
635 3547 668 3627 ὀς
690 3544 725 3641 ἦν
749 3559 795 3621 ἐπὶ
817 3557 964 3621 Φιλίππου
987 3559 1039 3621 τοῦ
1059 3555 1234 3628 Μακεδόνος
1252 3558 1327 3621 κατά
1344 3560 1397 3642 τὴν
1415 3565 1471 3641 ριιι·

179 3663 345 3745 ὀλυμπιάδα
368 3664 418 3724 καὶ
441 3662 585 3724 ἐπέκεινα.

265 3763 317 3826 Ab
340 3763 383 3828 ol
409 3764 466 3827 111
497 3783 632 3845 regnum
660 3761 770 3844 incipit
757 3761 973 3826 tAlexandri
994 3762 1112 3844 Magni,
1142 3782 1210 3827 non
1230 3763 1382 3844 Philippi.
1426 3762 1474 3826 Ex

179 3884 245 3947 quo
269 3869 405 3948 apparet
426 3866 613 3931 testimonia
634 3885 752 3947 genere
775 3865 972 3928 diversat
924 3868 972 3928 1nt
975 3885 1009 3929 er
1027 3885 1062 3929 se
1079 3865 1215 3930 confusa
1232 3886 1313 3943 esse,
1336 3866 1370 3929 in
1388 3885 1472 3946 quae

179 3968 242 4033 loci
265 3970 411 4034 verbat
387 3990 395 4032 1
413 3989 433 4033 a
398 3969 519 4032 tdist
519 3968 678 4033 ribuenda
700 3971 785 4031 sunt.

266 4072 305 4135 A.
342 4071 470 4156 (γέγονε)
494 4074 569 4136 κατὰ
591 4074 643 4156 τὴν
666 4075 724 4155 μα’
748 4073 924 4157 ὀλυμπιάδα.

265 4163 350 4238 B.
337 4201 372 4258 ην
395 4177 442 4238 ἐπὶ
466 4175 614 4240 Φιλίππου
637 4177 688 4239 τοῦ
714 4173 888 4246 Μακεδόνος
911 4176 960 4237 καὶ
983 4174 1128 4238 ἐπέκεινα.

268 4277 340 4354 Quo
364 4277 432 4340 iure
453 4277 561 4341 locum
583 4277 629 4340 ita
651 4276 863 4354 diviserimus,
886 4277 921 4340 hi
943 4276 1063 4340 Suidae
1086 4277 1149 4340 loci
1171 4276 1324 4340 doceant:

309 4380 341 4462 a)
375 4400 401 4446 s,
424 4401 454 4443 v.
474 4380 672 4444 Aristoxeni:
696 4381 799 4462 γέγονε
823 4380 847 4446 δ’
872 4383 920 4444 ἐπὶ
940 4381 999 4444 τῶν
1022 4377 1214 4463 Ἀλεξάνδρου
1238 4381 1367 4444 καὶτῶν
1391 4381 1471 4463 μετέ-

373 4508 458 4548 πειτα
480 4485 597 4568 χρόνων
620 4487 661 4554 ὡς
684 4483 758 4546 εἶναι
780 4486 837 4548 ἀπὸ
861 4483 912 4566 τῆς
935 4487 992 4566 ρια’
1017 4485 1204 4566 ὀλυμπιάδος.

1213 4585 1250 4637 3*
