3604 5288
810 221 1094 333 kra-

339 442 551 524 superiorem.
584 439 776 504 Plutarchus
787 440 810 518 1)
834 441 920 504 enim
942 444 1054 506 narrat
1075 441 1258 518 Platonem,
1281 461 1354 506 cum
1365 441 1579 507 Antimachus
1602 447 1633 507 et

339 543 508 608 Niceratus
526 561 636 607 coram
652 541 821 623 Lysandro¹
839 543 1034 607 carminibus
1051 544 1136 609 inter
1153 563 1188 608 se
1204 547 1375 620 certarent,
1392 544 1633 610 adolescentem

339 646 470 711 affuisse
501 649 533 709 et
555 644 787 709 Antimachum
816 649 1014 726 superatum,
1045 667 1144 729 quem
1173 648 1398 725 admiraretur,
1429 647 1632 712 consolatum

338 769 420 814 esse.
466 749 514 812 Ac
544 747 751 828 superstitem
772 747 968 812 Antimacho
990 748 1163 814 Platonem
1190 749 1290 814 tuisse
1317 769 1356 839 ep
1398 752 1631 834 capparebat,

337 852 427 933 quod
450 851 545 915 Plato
567 850 658 914 illum
680 850 846 914 admirans
868 850 1031 916 Heraclidi
1047 852 1183 917 Pontico
1205 771 1631 943 persuasissA‘narrajhatur,

335 960 374 1019 ut
396 953 583 1018 Antimachi
604 953 723 1017 mortui
746 953 889 1017 carmina
912 952 1124 1038 colligeret.2)
1407 933 1423 1022 λ
1543 934 1547 948 ’

423 1056 601 1138 Propterea
622 1055 718 1136 igitur
735 1056 950 1120 Antimachus
967 1061 1024 1141 πρὸ
1043 1055 1202 1130 Πλάτωνοὲ
1225 1058 1324 1124 fuisse
1347 1058 1471 1136 dicitur,
1492 1059 1580 1142 quod
1596 1059 1632 1124 in

335 1161 388 1224 his
417 1158 665 1223 narratiunculis
692 1163 800 1223 aetate
823 1159 971 1240 superior
992 1159 1129 1225 Platone
1156 1161 1305 1226 habetur.
1349 1162 1386 1225 ln
1408 1161 1525 1242 quibus
1547 1180 1631 1242 quae

335 1263 380 1327 ad
401 1261 589 1326 Antimachi
617 1265 759 1328 aetatem
781 1263 954 1343 pertinent,
976 1281 1044 1327 non
1066 1263 1173 1327 solum
1195 1264 1278 1328 inter
1299 1283 1335 1328 se
1358 1264 1542 1338 concinunt,
1573 1264 1631 1328 sed

237 1423 239 1427 .
337 1367 436 1430 etiarn
466 1384 540 1429 cum
562 1364 693 1446 reliquis
723 1365 918 1429 testimoniis
940 1365 981 1429 de
1003 1365 1190 1444 Antimachi
1211 1369 1319 1430 aetate
1342 1366 1492 1448 acceptis.
1537 1367 1630 1431 Plato

337 1469 423 1532 enim
456 1471 553 1532 natus
587 1470 637 1532 est
667 1467 709 1531 ol.
738 1467 789 1530 88.
821 1469 849 1531 1.
895 1467 1088 1532 Commissio
1122 1473 1243 1545 autern,
1277 1487 1377 1550 quam
1410 1469 1443 1532 in
1475 1468 1632 1551 Lysandri

336 1571 495 1635 honorem
525 1559 739 1634 Antimachus
773 1574 805 1633 et
831 1569 1000 1634 Niceratus
1031 1571 1225 1647 habuerunt,
1259 1571 1344 1635 circa
1373 1572 1415 1637 ol.
1447 1572 1490 1635 94
1518 1571 1631 1636 habita

336 1674 464 1738 videtur
494 1693 575 1749 esse,
605 1672 639 1735 id
670 1677 718 1738 est
742 1672 825 1737 circa
847 1657 948 1736 finem
969 1673 1046 1738 belli
1067 1673 1345 1755 Peloponnesiaci,
1370 1693 1444 1738 cum
1465 1674 1631 1756 Lysander

336 1795 466 1841 summa
494 1776 597 1858 gloria
625 1776 743 1838 floruit.
798 1775 883 1840 Nam
913 1774 1019 1839 eidem
1052 1774 1228 1857 olympiadi
1258 1776 1490 1840 Antimachum
1522 1779 1630 1841 aetate

334 1881 507 1944 florentem
527 1875 782 1961 Apollodorus3)
805 1878 964 1960 ascripsit,
995 1879 1084 1942 cuius
1106 1878 1189 1943 ratio
1213 1879 1257 1942 ad
1277 1882 1409 1959 tempus
1432 1879 1517 1944 illius
1540 1898 1628 1943 com-

335 1982 497 2047 missionis
519 1981 648 2044 videtur
670 1981 833 2062 applicata
855 2000 936 2044 esse.
980 1980 1200 2062 Apollodorus
1230 1985 1342 2046 autem
1371 1983 1488 2047 aetatis
1515 1982 1630 2046 florem

334 2087 368 2149 in
392 2084 641 2167 quadragesimo
664 2085 749 2148 vitae
771 2102 858 2147 anno
881 2083 1035 2164 ponebat.
1089 2085 1215 2163 Quodsi
1243 2088 1374 2166 tempus
1403 2086 1513 2151 natale
1534 2084 1628 2149 Anti-

334 2188 443 2253 machi
472 2189 505 2252 in
528 2188 569 2253 ol.
594 2187 637 2251 84
665 2185 854 2269 ponendum
882 2189 941 2262 est,
971 2186 1024 2250 hic
1047 2190 1201 2268 quattuor
1223 2186 1461 2270 olympiadibus
1484 2189 1630 2270 superior

333 2291 471 2355 Platone
493 2292 562 2355 tuit.
613 2291 721 2369 Quam
742 2289 776 2352 in
797 2288 959 2352 rationem
980 2288 1059 2352 illud
1082 2309 1212 2371 quoque
1235 2291 1395 2367 convenit,
1424 2291 1513 2372 quod
1535 2291 1628 2355 Anti-

336 2393 472 2457 machus
495 2391 702 2457 Stesimhroti
724 2391 853 2454 auditor
875 2391 975 2454 fuisse
997 2390 1123 2455 dicitur.

421 2493 691 2577 Stesirnbrotusl)
714 2493 810 2569 enirn,
834 2492 861 2556 si
879 2495 1026 2556 veterum
1044 2492 1231 2558 testimonia
1249 2495 1424 2576 sequimur,
1448 2497 1590 2562 Cimonis
1601 2497 1628 2581 ⁵)

335 2601 368 2662 et
388 2595 554 2675 Periclisss)
584 2597 644 2662 fuit
670 2595 815 2678 aequalis
841 2597 873 2658 et
895 2594 1036 2660 Nicerati
1057 2596 1265 2661 Atheniensis
1274 2595 1301 2681 ⁷)
1332 2599 1496 2680 magister,
1518 2600 1628 2664 Niciae

334 2700 401 2777 filii,
424 2719 522 2780 quem
545 2717 619 2764 cum
642 2699 693 2776 (cf.
716 2698 850 2779 Krdger,
873 2698 956 2763 Hist.
979 2698 1057 2781 phil.
1081 2700 1173 2764 Stud.
1197 2699 1234 2776 II,
1257 2701 1334 2784 nal)
1358 2702 1401 2764 ol.¹
1420 2702 1472 2766 89.
1500 2704 1514 2766 1
1540 2703 1627 2786 (444)

334 2802 612 2868 adolescentulum
641 2802 684 2866 ad
714 2821 806 2865 arma
835 2802 978 2882 gerenda
1006 2802 1161 2866 idoneum
1187 2801 1287 2867 fuisse
1308 2803 1460 2880 sciamus,
1490 2803 1627 2869 Stesim-

334 2907 466 2970 brotum
488 2906 618 2970 audisse
640 2904 743 2969 multo
767 2907 842 2968 ante
865 2905 907 2967 ol.
926 2906 967 2968 88
989 2925 1057 2968 non
1078 2908 1197 2986 potest.
1231 2905 1364 2970 Librum
1386 2908 1507 2983 autem,
1531 2925 1628 2988 quern

334 3009 375 3072 de
404 3007 548 3085 Cimone,
577 3007 776 3088 Thucydide,
805 3006 928 3070 Pericle
954 3007 1091 3088 scripsit,
1121 3007 1355 3072 Stesimhrotus
1386 3012 1462 3073 ante
1489 3013 1628 3073 mortem

333 3110 513 3191 Xanthippi
536 3110 666 3174 Periclis
695 3109 752 3173 filii
781 3109 822 3172 ol.
846 3109 897 3172 87.
922 3109 941 3171 3
964 3113 1056 3190 peste
1086 3110 1223 3190 abrepti,
1255 3128 1353 3190 quem
1372 3116 1537 3176 mortuum
1559 3111 1627 3193 ipse

423 3262 445 3330 ¹)
471 3264 541 3317 Plut.
559 3263 604 3316 vit.
624 3262 740 3331 Lysand.
759 3279 782 3315 c.
802 3261 846 3316 18:
870 3259 981 3314 Πλάτων
1006 3262 1033 3314 δὲ
1057 3264 1112 3321 νὲος
1131 3261 1168 3316 ὦν
1188 3264 1246 3316 τότε
1264 3266 1307 3317 καὶ
1326 3264 1466 3330 θαυμάζων
1484 3265 1528 3318 τὸν
1549 3260 1628 3318 Ἀντά-

334 3365 421 3418 μαχον
446 3348 487 3401 tnl
508 3351 540 3419 τῇ
565 3351 686 3421 ποιητικῇΙ
712 3349 810 3416 βαράως
835 3349 946 3419 φέροντα
968 3349 1016 3417 τήν
1037 3341 1118 3401 tnnc
1138 3349 1299 3419 ἀνελάμβανε
1317 3351 1361 3404 καὶ
1382 3349 1555 3421 παρεμυθεῖτο
1574 3356 1628 3409 τοῖς

333 3434 452 3500 άμνοοῦοι
469 3433 549 3486 κακὸν
569 3432 633 3486 εἶναι
651 3435 763 3505 φάμενος
781 3435 828 3502 τὴν
847 3430 950 3503 ἄγνοιαν
970 3428 1056 3502 ὥοπερ
1074 3436 1122 3503 τὴν
1141 3434 1289 3507 τυφλότητα
1308 3443 1362 3495 τοῖς
1381 3439 1417 3506 μὴ
1437 3437 1579 3505 §lenonem

419 3517 442 3582 ²)
469 3519 574 3576 Heracl.
592 3519 671 3573 Pont.
690 3535 733 3588 ap.
752 3519 876 3572 Proclum
894 3520 930 3573 ad
947 3519 1014 3574 Plat.
1032 3519 1101 3574 Tim
1115 3521 1136 3585 l,
1155 3537 1181 3588 p.
1197 3521 1244 3574 98:
1264 3519 1434 3592 Ἡρακλείδης
1453 3525 1513 3590 γοῦν
1532 3522 1545 3574 ὁ
1564 3507 1627 3576 Πον-

333 3603 402 3664 τικός
425 3621 501 3674 φησιν
525 3602 565 3657 ὅτι
587 3608 639 3658 τῶν
658 3603 780 3672 Χοιρίλου
804 3606 862 3656 τότε
885 3604 1090 3673 εὐδοκιμούντων
1108 3604 1219 3660 Πλάτων
1242 3610 1274 3660 τά
1293 3605 1452 3679 Ἀντιμάχου
1469 3608 1628 3678 προότλμηοε

332 3691 375 3742 καὶ
398 3688 474 3743 αὐτὸν
496 3690 579 3743 {narce
600 3690 644 3742 τὸν
664 3688 836 3761 Ἡρακλείδην
863 3692 897 3750 tl:
922 3687 1069 3758 Κολοφῶνα
1096 3692 1205 3746 ἐλθόντα
1229 3694 1261 3744 τά
1282 3694 1413 3762 ποιήματα
1437 3692 1555 3753 ονλλάξαι
1579 3695 1623 3746 τοῦ

334 3776 433 3842 ἀνδρός.
460 3776 582 3830 Platonis
597 3777 789 3831 Antimachum
805 3777 929 3830 admirati
943 3777 1071 3831 iudicium
1090 3783 1117 3831 et
1135 3796 1151 3831 a
1166 3777 1266 3832 Duride
1283 3783 1310 3832 et
1328 3795 1344 3831 a
1358 3778 1523 3834 Callimacho
1539 3796 1627 3848 repre-

332 3862 448 3915 hensum
465 3878 524 3915 esse
542 3862 653 3916 Proclus
670 3879 785 3931 pergens
802 3867 902 3916 narrat
1528 3868 1531 3875 '

419 3945 442 4013 ³)
468 3947 547 4000 Diod.
565 3948 640 4012 Xlll,
662 3949 724 4002 108:
748 3945 805 4001 καθ’
826 3944 857 4001 ὅν
877 3949 908 4017 δὴ
926 3949 1022 4021 χρόνον
1041 3947 1087 4016 (ol.
1106 3950 1148 4012 94,
1169 3947 1194 4016 1)
1213 3951 1258 4002 καὶ
1276 3947 1435 4021 Ἀντάμάχον
1454 3949 1497 4002 τὸν
1515 3952 1626 4019 ποιητὴν

328 4028 518 4102 Ἀπολλόδωρος
537 4033 550 4086 ὁ
569 4031 709 4104 Ἀθηναῖός
727 4052 803 4104 φηαιν
820 4035 970 4105 detinebant.

419 4117 809 4188 hmhffdstpffi

418 4202 441 4268 ⁵)
459 4204 527 4258 Plut.
546 4203 612 4258 cim.
631 4223 653 4259 c.
671 4206 702 4260 4:
727 4208 783 4275 περὶ
803 4205 845 4257 τὸν
864 4204 941 4258 αὐτὸν
960 4195 1025 4270 ὁμοῦ
1044 4223 1067 4256 τι
1086 4208 1180 4277 χρόνον
1199 4210 1235 4279 τῷ
1256 4201 1358 4274 Κίμωνι
1377 4209 1495 4278 γεγονώς,

419 4287 441 4350 ⁶)
469 4288 569 4344 Athen.
588 4290 659 4356 Xlll,
678 4307 703 4358 p.
721 4291 814 4345 589d:
838 4292 905 4342 acad
924 4291 982 4349 τοὺς
1001 4290 1093 4349 αὐτοὺς
1111 4291 1182 4364 αὐτῷ
1201 4289 1340 4363 (Περικλεῖ)
1357 4293 1468 4366 χρόνους
1484 4293 1626 4361 γινόμενος.

418 4374 440 4441 ⁷)
459 4375 581 4443 Xenoph.
605 4376 695 4444 Symp.
718 4376 772 4440 Ill,
797 4377 826 4431 6:
851 4375 887 4429 Σὺ
911 4377 938 4428 δὲ
957 4374 1140 4450 Στησιμβρότῳ
1157 4397 1184 4430 τε
1202 4380 1246 4432 καὶ
1264 4377 1457 4450 Ἀναξιμάνλρψ
1476 4379 1520 4431 καὶ
1538 4374 1626 4436 ἄλλοις

330 4459 436 4520 πολλοῖς
455 4461 519 4513 πολὺ
538 4461 653 4520 δέδωκας
671 4461 790 4531 ἀργύριον
809 4456 877 4514 ὥστε
895 4463 969 4516 οὐδέν
988 4482 1015 4516 οε
1033 4467 1086 4517 τῶν
1104 4464 1200 4517 πολλοῦ
1219 4463 1298 4524 ἀξίων
1316 4464 1419 4535 λέληθε.
