<?xml version="1.0" encoding="UTF-8"?>
<!DOCTYPE html PUBLIC "-//W3C//DTD XHTML 1.0 Transitional//EN"
    "http://www.w3.org/TR/xhtml1/DTD/xhtml1-transitional.dtd">
<html xmlns="http://www.w3.org/1999/xhtml" xml:lang="en" lang="en">
 <head>
  <title>
</title>
<meta http-equiv="Content-Type" content="text/html;charset=utf-8" />
  <meta name='ocr-system' content='tesseract 3.04.00' />
  <meta name='ocr-capabilities' content='ocr_page ocr_carea ocr_par ocr_line ocrx_word'/>
</head>
<body>
  <div class='ocr_page' id='page_1' title='image "./depanyasside00kraugoog_0032.png"; bbox 0 0 3604 5288; ppageno 0'>
   <div class='ocr_carea' id='block_1_1' title="bbox 712 293 927 356">
    <p class='ocr_par' dir='ltr' id='par_1_1' title="bbox 712 293 927 356">
     <span class='ocr_line' id='line_1_1' title="bbox 712 293 927 356; baseline 0 -18"><span class='ocrx_word' id='word_1_1' title='bbox 712 293 927 356; x_wconf 69' lang='grc' dir='ltr'>--ργ-</span> 
     </span>
    </p>
   </div>
   <div class='ocr_carea' id='block_1_2' title="bbox 170 463 1470 3839">
    <p class='ocr_par' dir='ltr' id='par_1_2' title="bbox 173 463 1468 956">
     <span class='ocr_line' id='line_1_2' title="bbox 259 463 1466 548; baseline 0.003 -22"><span class='ocrx_word' id='word_1_2' title='bbox 259 463 307 527; x_wconf 90' lang='lat' dir='ltr'>De</span> <span class='ocrx_word' id='word_1_3' title='bbox 337 463 400 548; x_wconf 86' lang='lat' dir='ltr'>hoc</span> <span class='ocrx_word' id='word_1_4' title='bbox 431 463 492 527; x_wconf 87' lang='lat' dir='ltr'>etsi</span> <span class='ocrx_word' id='word_1_5' title='bbox 521 463 581 527; x_wconf 89' lang='lat' dir='ltr'>viri</span> <span class='ocrx_word' id='word_1_6' title='bbox 611 463 698 527; x_wconf 90' lang='lat' dir='ltr'>docti</span> <span class='ocrx_word' id='word_1_7' title='bbox 727 463 868 527; x_wconf 87' lang='lat' dir='ltr'>maxime</span> <span class='ocrx_word' id='word_1_8' title='bbox 898 463 1107 541; x_wconf 89' lang='lat' dir='ltr'>dissentiunt,</span> <span class='ocrx_word' id='word_1_9' title='bbox 1145 483 1219 528; x_wconf 90' lang='lat' dir='ltr'>cnm</span> <span class='ocrx_word' id='word_1_10' title='bbox 1247 465 1349 529; x_wconf 90' lang='lat' dir='ltr'>multa</span> <span class='ocrx_word' id='word_1_11' title='bbox 1371 466 1405 530; x_wconf 93' lang='lat' dir='ltr'>in</span> <span class='ocrx_word' id='word_1_12' title='bbox 1427 485 1466 530; x_wconf 93' lang='lat' dir='ltr'>eo</span> 
     </span>
     <span class='ocr_line' id='line_1_3' title="bbox 173 565 1467 646; baseline 0.001 -15"><span class='ocrx_word' id='word_1_13' title='bbox 173 569 296 631; x_wconf 90' lang='lat' dir='ltr'>incerta</span> <span class='ocrx_word' id='word_1_14' title='bbox 319 569 375 630; x_wconf 92' lang='lat' dir='ltr'>aut</span> <span class='ocrx_word' id='word_1_15' title='bbox 397 566 537 629; x_wconf 89' lang='lat' dir='ltr'>obscura</span> <span class='ocrx_word' id='word_1_16' title='bbox 554 565 633 642; x_wconf 90' lang='lat' dir='ltr'>sint,</span> <span class='ocrx_word' id='word_1_17' title='bbox 666 569 778 630; x_wconf 91' lang='lat' dir='ltr'>tamen</span> <span class='ocrx_word' id='word_1_18' title='bbox 809 565 981 642; x_wconf 85' lang='lat' dir='ltr'>omittenti,</span> <span class='ocrx_word' id='word_1_19' title='bbox 1012 585 1095 646; x_wconf 88' lang='lat' dir='ltr'>quae</span> <span class='ocrx_word' id='word_1_20' title='bbox 1126 567 1232 631; x_wconf 90' lang='lat' dir='ltr'>verbis</span> <span class='ocrx_word' id='word_1_21' title='bbox 1260 567 1388 632; x_wconf 90' lang='lat' dir='ltr'>traditis</span> <span class='ocrx_word' id='word_1_22' title='bbox 1417 569 1467 632; x_wconf 90' lang='lat' dir='ltr'>in-</span> 
     </span>
     <span class='ocr_line' id='line_1_4' title="bbox 175 664 1467 751; baseline -0.002 -17"><span class='ocrx_word' id='word_1_23' title='bbox 175 674 264 734; x_wconf 88' lang='lat' dir='ltr'>certa</span> <span class='ocrx_word' id='word_1_24' title='bbox 285 664 495 750; x_wconf 89' lang='lat' dir='ltr'>reliquuntur,</span> <span class='ocrx_word' id='word_1_25' title='bbox 526 671 558 732; x_wconf 90' lang='lat' dir='ltr'>et</span> <span class='ocrx_word' id='word_1_26' title='bbox 581 667 810 744; x_wconf 78' lang='lat' dir='ltr'>consideranti,</span> <span class='ocrx_word' id='word_1_27' title='bbox 839 687 923 749; x_wconf 90' lang='lat' dir='ltr'>quae</span> <span class='ocrx_word' id='word_1_28' title='bbox 950 667 1058 732; x_wconf 88' lang='lat' dir='ltr'>verbis</span> <span class='ocrx_word' id='word_1_29' title='bbox 1079 669 1207 734; x_wconf 90' lang='lat' dir='ltr'>traditis</span> <span class='ocrx_word' id='word_1_30' title='bbox 1235 670 1313 734; x_wconf 90' lang='lat' dir='ltr'>satis</span> <span class='ocrx_word' id='word_1_31' title='bbox 1343 673 1467 751; x_wconf 90' lang='lat' dir='ltr'>patent,</span> 
     </span>
     <span class='ocr_line' id='line_1_5' title="bbox 176 770 1468 852; baseline 0.002 -16"><span class='ocrx_word' id='word_1_32' title='bbox 176 773 256 836; x_wconf 91' lang='lat' dir='ltr'>mihi</span> <span class='ocrx_word' id='word_1_33' title='bbox 288 771 321 834; x_wconf 95' lang='lat' dir='ltr'>id</span> <span class='ocrx_word' id='word_1_34' title='bbox 353 772 471 852; x_wconf 84' lang='lat' dir='ltr'>ipsum,</span> <span class='ocrx_word' id='word_1_35' title='bbox 505 770 595 852; x_wconf 90' lang='lat' dir='ltr'>quod</span> <span class='ocrx_word' id='word_1_36' title='bbox 629 770 672 834; x_wconf 95' lang='lat' dir='ltr'>ad</span> <span class='ocrx_word' id='word_1_37' title='bbox 705 770 791 834; x_wconf 88' lang='lat' dir='ltr'>hanc</span> <span class='ocrx_word' id='word_1_38' title='bbox 823 790 893 834; x_wconf 89' lang='lat' dir='ltr'>rem</span> <span class='ocrx_word' id='word_1_39' title='bbox 925 770 1076 850; x_wconf 83' lang='lat' dir='ltr'>pertinet,</span> <span class='ocrx_word' id='word_1_40' title='bbox 1110 774 1201 835; x_wconf 85' lang='lat' dir='ltr'>extra</span> <span class='ocrx_word' id='word_1_41' title='bbox 1231 772 1468 839; x_wconf 83' lang='lat' dir='ltr'>dubitationem</span> 
     </span>
     <span class='ocr_line' id='line_1_6' title="bbox 175 872 1397 956; baseline 0.002 -18"><span class='ocrx_word' id='word_1_42' title='bbox 175 875 301 939; x_wconf 89' lang='lat' dir='ltr'>videtur</span> <span class='ocrx_word' id='word_1_43' title='bbox 322 894 404 939; x_wconf 91' lang='lat' dir='ltr'>esse.</span> <span class='ocrx_word' id='word_1_44' title='bbox 448 872 534 938; x_wconf 91' lang='lat' dir='ltr'>Nam</span> <span class='ocrx_word' id='word_1_45' title='bbox 556 877 645 939; x_wconf 90' lang='lat' dir='ltr'>certa</span> <span class='ocrx_word' id='word_1_46' title='bbox 666 873 749 938; x_wconf 87' lang='lat' dir='ltr'>haec</span> <span class='ocrx_word' id='word_1_47' title='bbox 772 872 904 954; x_wconf 87' lang='lat' dir='ltr'>quidem</span> <span class='ocrx_word' id='word_1_48' title='bbox 926 873 1060 938; x_wconf 89' lang='lat' dir='ltr'>iudicari</span> <span class='ocrx_word' id='word_1_49' title='bbox 1081 893 1179 955; x_wconf 89' lang='lat' dir='ltr'>posse</span> <span class='ocrx_word' id='word_1_50' title='bbox 1201 876 1397 956; x_wconf 88' lang='lat' dir='ltr'>putaverim:</span> 
     </span>
    </p>

    <p class='ocr_par' dir='ltr' id='par_1_3' title="bbox 174 975 1468 1267">
     <span class='ocr_line' id='line_1_7' title="bbox 263 975 1467 1046; baseline 0.002 -6"><span class='ocrx_word' id='word_1_51' title='bbox 263 978 291 1040; x_wconf 92' lang='lat'>1.</span> <span class='ocrx_word' id='word_1_52' title='bbox 323 975 497 1042; x_wconf 84' lang='lat' dir='ltr'>Decretum</span> <span class='ocrx_word' id='word_1_53' title='bbox 520 997 592 1042; x_wconf 90' lang='lat' dir='ltr'>esse</span> <span class='ocrx_word' id='word_1_54' title='bbox 614 979 651 1040; x_wconf 91' lang='lat' dir='ltr'>ut</span> <span class='ocrx_word' id='word_1_55' title='bbox 673 976 706 1040; x_wconf 91' lang='lat' dir='ltr'>in</span> <span class='ocrx_word' id='word_1_56' title='bbox 728 975 911 1040; x_wconf 89' lang='lat' dir='ltr'>civitatibus</span> <span class='ocrx_word' id='word_1_57' title='bbox 937 975 1261 1046; x_wconf 88' lang='lat' dir='ltr'>Halicamasseorum</span> <span class='ocrx_word' id='word_1_58' title='bbox 1284 981 1317 1042; x_wconf 92' lang='lat' dir='ltr'>et</span> <span class='ocrx_word' id='word_1_59' title='bbox 1339 977 1467 1042; x_wconf 90' lang='lat' dir='ltr'>Salma-</span> 
     </span>
     <span class='ocr_line' id='line_1_8' title="bbox 174 1078 1468 1166; baseline 0.002 -23"><span class='ocrx_word' id='word_1_60' title='bbox 174 1079 309 1143; x_wconf 91' lang='lat' dir='ltr'>citarum</span> <span class='ocrx_word' id='word_1_61' title='bbox 331 1095 437 1143; x_wconf 88' lang='lat' dir='ltr'>novae</span> <span class='ocrx_word' id='word_1_62' title='bbox 459 1079 634 1144; x_wconf 85' lang='lat' dir='ltr'>fundorum</span> <span class='ocrx_word' id='word_1_63' title='bbox 658 1082 690 1143; x_wconf 90' lang='lat' dir='ltr'>et</span> <span class='ocrx_word' id='word_1_64' title='bbox 712 1078 885 1142; x_wconf 88' lang='lat' dir='ltr'>domomm</span> <span class='ocrx_word' id='word_1_65' title='bbox 902 1079 1035 1144; x_wconf 88' lang='lat' dir='ltr'>tabulae</span> <span class='ocrx_word' id='word_1_66' title='bbox 1053 1079 1180 1145; x_wconf 88' lang='lat' dir='ltr'>fierent.</span> <span class='ocrx_word' id='word_1_67' title='bbox 1219 1080 1300 1164; x_wconf 83' lang='grc' dir='ltr'>(τοὺς</span> <span class='ocrx_word' id='word_1_68' title='bbox 1319 1085 1468 1166; x_wconf 73' lang='grc' dir='ltr'>μνήμονας</span> 
     </span>
     <span class='ocr_line' id='line_1_9' title="bbox 175 1181 1087 1267; baseline 0.001 -21"><span class='ocrx_word' id='word_1_69' title='bbox 175 1185 215 1267; x_wconf 83' lang='grc' dir='ltr'>μὴ</span> <span class='ocrx_word' id='word_1_70' title='bbox 238 1183 432 1267; x_wconf 80' lang='grc' dir='ltr'>παραδιδόναι</span> <span class='ocrx_word' id='word_1_71' title='bbox 455 1185 528 1267; x_wconf 77' lang='grc' dir='ltr'>μήτε</span> <span class='ocrx_word' id='word_1_72' title='bbox 550 1185 603 1267; x_wconf 74' lang='grc' dir='ltr'>γὴν</span> <span class='ocrx_word' id='word_1_73' title='bbox 627 1183 816 1267; x_wconf 78' lang='grc' dir='ltr'>μήτεοίκίας</span> <span class='ocrx_word' id='word_1_74' title='bbox 838 1187 899 1253; x_wconf 83' lang='grc' dir='ltr'>τοῖς</span> <span class='ocrx_word' id='word_1_75' title='bbox 922 1181 1087 1266; x_wconf 79' lang='grc' dir='ltr'>μνήμοσιν.)</span> 
     </span>
    </p>

    <p class='ocr_par' dir='ltr' id='par_1_4' title="bbox 174 1283 1469 1885">
     <span class='ocr_line' id='line_1_10' title="bbox 261 1283 1469 1368; baseline 0.002 -19"><span class='ocrx_word' id='word_1_76' title='bbox 261 1287 292 1349; x_wconf 70' lang='lat'>2.</span> <span class='ocrx_word' id='word_1_77' title='bbox 325 1285 380 1350; x_wconf 88' lang='lat' dir='ltr'>lus</span> <span class='ocrx_word' id='word_1_78' title='bbox 401 1285 618 1366; x_wconf 85' lang='lat' dir='ltr'>possessionis</span> <span class='ocrx_word' id='word_1_79' title='bbox 640 1285 674 1348; x_wconf 91' lang='lat' dir='ltr'>in</span> <span class='ocrx_word' id='word_1_80' title='bbox 695 1283 815 1347; x_wconf 87' lang='lat' dir='ltr'>tabulis</span> <span class='ocrx_word' id='word_1_81' title='bbox 837 1303 1053 1348; x_wconf 87' lang='lat' dir='ltr'>mnemonum</span> <span class='ocrx_word' id='word_1_82' title='bbox 1071 1285 1193 1350; x_wconf 86' lang='lat' dir='ltr'>relatae</span> <span class='ocrx_word' id='word_1_83' title='bbox 1216 1306 1315 1368; x_wconf 84' lang='lat' dir='ltr'>saepe</span> <span class='ocrx_word' id='word_1_84' title='bbox 1334 1287 1469 1356; x_wconf 90' lang='lat' dir='ltr'>dubium</span> 
     </span>
     <span class='ocr_line' id='line_1_11' title="bbox 174 1385 1468 1474; baseline 0.003 -22"><span class='ocrx_word' id='word_1_85' title='bbox 174 1387 285 1461; x_wconf 90' lang='lat' dir='ltr'>fuisse,</span> <span class='ocrx_word' id='word_1_86' title='bbox 304 1387 427 1469; x_wconf 86' lang='lat' dir='ltr'>idquod</span> <span class='ocrx_word' id='word_1_87' title='bbox 444 1387 636 1468; x_wconf 80' lang='lat' dir='ltr'>intellegitur</span> <span class='ocrx_word' id='word_1_88' title='bbox 652 1406 727 1452; x_wconf 90' lang='lat' dir='ltr'>cum</span> <span class='ocrx_word' id='word_1_89' title='bbox 742 1407 759 1452; x_wconf 93' lang='lat' dir='ltr'>e</span> <span class='ocrx_word' id='word_1_90' title='bbox 775 1387 882 1451; x_wconf 89' lang='lat' dir='ltr'>verbis</span> <span class='ocrx_word' id='word_1_91' title='bbox 898 1390 1058 1471; x_wconf 83' lang='grc' dir='ltr'>καρτεροὺς</span> <span class='ocrx_word' id='word_1_92' title='bbox 1078 1389 1103 1452; x_wconf 89' lang='grc' dir='ltr'>δ’</span> <span class='ocrx_word' id='word_1_93' title='bbox 1122 1388 1196 1452; x_wconf 78' lang='grc' dir='ltr'>εἶναι</span> <span class='ocrx_word' id='word_1_94' title='bbox 1214 1385 1268 1474; x_wconf 80' lang='grc' dir='ltr'>γῆςΙ</span> <span class='ocrx_word' id='word_1_95' title='bbox 1289 1393 1338 1454; x_wconf 84' lang='grc' dir='ltr'>καὶ</span> <span class='ocrx_word' id='word_1_96' title='bbox 1358 1393 1468 1468; x_wconf 81' lang='grc' dir='ltr'>οἰκίων,</span> 
     </span>
     <span class='ocr_line' id='line_1_12' title="bbox 177 1478 1469 1576; baseline 0 -20"><span class='ocrx_word' id='word_1_97' title='bbox 177 1493 279 1562; x_wconf 79' lang='grc' dir='ltr'>οἵτινες</span> <span class='ocrx_word' id='word_1_98' title='bbox 301 1489 359 1556; x_wconf 83' lang='grc' dir='ltr'>τότ’</span> <span class='ocrx_word' id='word_1_99' title='bbox 376 1491 469 1576; x_wconf 80' lang='grc' dir='ltr'>εἶχον,</span> <span class='ocrx_word' id='word_1_100' title='bbox 492 1478 542 1554; x_wconf 71' lang='grc' dir='ltr'>ὅτε</span> <span class='ocrx_word' id='word_1_101' title='bbox 554 1487 832 1574; x_wconf 77' lang='grc' dir='ltr'>Ἀπαλωνίδηςκαὶ</span> <span class='ocrx_word' id='word_1_102' title='bbox 849 1491 1012 1574; x_wconf 74' lang='grc' dir='ltr'>Παναμύης</span> <span class='ocrx_word' id='word_1_103' title='bbox 1034 1492 1232 1575; x_wconf 79' lang='grc' dir='ltr'>ἐμνημόνευον</span> <span class='ocrx_word' id='word_1_104' title='bbox 1252 1498 1314 1557; x_wconf 90' lang='grc' dir='ltr'>κτλ·</span> <span class='ocrx_word' id='word_1_105' title='bbox 1337 1496 1408 1556; x_wconf 87' lang='lat' dir='ltr'>tum</span> <span class='ocrx_word' id='word_1_106' title='bbox 1430 1513 1469 1558; x_wconf 86' lang='lat' dir='ltr'>ex</span> 
     </span>
     <span class='ocr_line' id='line_1_13' title="bbox 177 1592 1467 1676; baseline 0.002 -18"><span class='ocrx_word' id='word_1_107' title='bbox 177 1613 226 1672; x_wconf 74' lang='grc' dir='ltr'>ευ,</span> <span class='ocrx_word' id='word_1_108' title='bbox 256 1594 344 1675; x_wconf 82' lang='lat' dir='ltr'>quod</span> <span class='ocrx_word' id='word_1_109' title='bbox 371 1612 574 1670; x_wconf 90' lang='lat' dir='ltr'>mnemones,</span> <span class='ocrx_word' id='word_1_110' title='bbox 604 1611 744 1673; x_wconf 80' lang='lat' dir='ltr'>quornm</span> <span class='ocrx_word' id='word_1_111' title='bbox 772 1593 806 1656; x_wconf 92' lang='lat' dir='ltr'>in</span> <span class='ocrx_word' id='word_1_112' title='bbox 832 1592 952 1656; x_wconf 87' lang='lat' dir='ltr'>tabulis</span> <span class='ocrx_word' id='word_1_113' title='bbox 979 1593 1082 1658; x_wconf 90' lang='lat' dir='ltr'>relata</span> <span class='ocrx_word' id='word_1_114' title='bbox 1107 1595 1272 1676; x_wconf 89' lang='lat' dir='ltr'>possessio</span> <span class='ocrx_word' id='word_1_115' title='bbox 1294 1599 1367 1660; x_wconf 92' lang='lat' dir='ltr'>rata</span> <span class='ocrx_word' id='word_1_116' title='bbox 1390 1602 1467 1671; x_wconf 84' lang='lat' dir='ltr'>erat,</span> 
     </span>
     <span class='ocr_line' id='line_1_14' title="bbox 175 1695 1469 1783; baseline 0.002 -23"><span class='ocrx_word' id='word_1_117' title='bbox 175 1697 295 1760; x_wconf 85' lang='lat' dir='ltr'>fundos</span> <span class='ocrx_word' id='word_1_118' title='bbox 314 1701 346 1762; x_wconf 92' lang='lat' dir='ltr'>et</span> <span class='ocrx_word' id='word_1_119' title='bbox 365 1697 481 1761; x_wconf 92' lang='lat' dir='ltr'>domos</span> <span class='ocrx_word' id='word_1_120' title='bbox 500 1695 735 1760; x_wconf 84' lang='lat' dir='ltr'>transscribere</span> <span class='ocrx_word' id='word_1_121' title='bbox 753 1698 913 1760; x_wconf 88' lang='lat' dir='ltr'>vetantur.</span> <span class='ocrx_word' id='word_1_122' title='bbox 949 1695 1029 1779; x_wconf 83' lang='grc' dir='ltr'>(τοὺς</span> <span class='ocrx_word' id='word_1_123' title='bbox 1050 1699 1198 1782; x_wconf 78' lang='grc' dir='ltr'>μνήμονας</span> <span class='ocrx_word' id='word_1_124' title='bbox 1218 1701 1259 1783; x_wconf 83' lang='grc' dir='ltr'>μὴ</span> <span class='ocrx_word' id='word_1_125' title='bbox 1278 1701 1469 1783; x_wconf 81' lang='grc' dir='ltr'>παραδιδόναι</span> 
     </span>
     <span class='ocr_line' id='line_1_15' title="bbox 175 1798 796 1885; baseline -0.002 -21"><span class='ocrx_word' id='word_1_126' title='bbox 175 1801 249 1884; x_wconf 75' lang='grc' dir='ltr'>μήτε</span> <span class='ocrx_word' id='word_1_127' title='bbox 271 1805 325 1884; x_wconf 79' lang='grc' dir='ltr'>γῆν</span> <span class='ocrx_word' id='word_1_128' title='bbox 348 1802 421 1885; x_wconf 77' lang='grc' dir='ltr'>μήτε</span> <span class='ocrx_word' id='word_1_129' title='bbox 445 1801 536 1870; x_wconf 72' lang='grc' dir='ltr'>οἰκίας</span> <span class='ocrx_word' id='word_1_130' title='bbox 558 1807 618 1870; x_wconf 87' lang='grc' dir='ltr'>τοῖς</span> <span class='ocrx_word' id='word_1_131' title='bbox 641 1798 796 1883; x_wconf 76' lang='grc' dir='ltr'>μνήμασν.)</span> 
     </span>
    </p>

    <p class='ocr_par' dir='ltr' id='par_1_5' title="bbox 176 1900 1470 2504">
     <span class='ocr_line' id='line_1_16' title="bbox 262 1900 1470 1985; baseline 0.001 -18"><span class='ocrx_word' id='word_1_132' title='bbox 262 1904 292 1967; x_wconf 85' lang='grc'>3.</span> <span class='ocrx_word' id='word_1_133' title='bbox 325 1903 378 1967; x_wconf 87' lang='lat' dir='ltr'>Ad</span> <span class='ocrx_word' id='word_1_134' title='bbox 400 1903 473 1966; x_wconf 89' lang='lat' dir='ltr'>lites</span> <span class='ocrx_word' id='word_1_135' title='bbox 495 1900 697 1977; x_wconf 83' lang='lat' dir='ltr'>iudicandae,</span> <span class='ocrx_word' id='word_1_136' title='bbox 722 1921 805 1982; x_wconf 86' lang='lat' dir='ltr'>quae</span> <span class='ocrx_word' id='word_1_137' title='bbox 828 1902 869 1967; x_wconf 92' lang='lat' dir='ltr'>de</span> <span class='ocrx_word' id='word_1_138' title='bbox 891 1902 1004 1967; x_wconf 85' lang='lat' dir='ltr'>fundis</span> <span class='ocrx_word' id='word_1_139' title='bbox 1018 1907 1050 1968; x_wconf 92' lang='lat' dir='ltr'>et</span> <span class='ocrx_word' id='word_1_140' title='bbox 1066 1903 1218 1968; x_wconf 89' lang='lat' dir='ltr'>domibus</span> <span class='ocrx_word' id='word_1_141' title='bbox 1234 1904 1470 1985; x_wconf 83' lang='lat' dir='ltr'>impenderent,</span> 
     </span>
     <span class='ocr_line' id='line_1_17' title="bbox 176 2004 1469 2086; baseline 0 -16"><span class='ocrx_word' id='word_1_142' title='bbox 176 2005 339 2070; x_wconf 87' lang='lat' dir='ltr'>actionem</span> <span class='ocrx_word' id='word_1_143' title='bbox 361 2004 527 2086; x_wconf 86' lang='lat' dir='ltr'>quandam</span> <span class='ocrx_word' id='word_1_144' title='bbox 544 2005 780 2086; x_wconf 87' lang='lat' dir='ltr'>praescriptam</span> <span class='ocrx_word' id='word_1_145' title='bbox 797 2025 879 2083; x_wconf 86' lang='lat' dir='ltr'>esse,</span> <span class='ocrx_word' id='word_1_146' title='bbox 899 2006 990 2071; x_wconf 93' lang='lat' dir='ltr'>cuius</span> <span class='ocrx_word' id='word_1_147' title='bbox 1012 2006 1084 2070; x_wconf 90' lang='lat' dir='ltr'>loco</span> <span class='ocrx_word' id='word_1_148' title='bbox 1103 2008 1143 2071; x_wconf 90' lang='lat'>18</span> <span class='ocrx_word' id='word_1_149' title='bbox 1161 2007 1329 2071; x_wconf 89' lang='lat' dir='ltr'>mensibus</span> <span class='ocrx_word' id='word_1_150' title='bbox 1349 2008 1469 2072; x_wconf 85' lang='lat' dir='ltr'>exactis</span> 
     </span>
     <span class='ocr_line' id='line_1_18' title="bbox 177 2100 1468 2194; baseline 0.001 -22"><span class='ocrx_word' id='word_1_151' title='bbox 177 2107 262 2172; x_wconf 83' lang='lat' dir='ltr'>actio</span> <span class='ocrx_word' id='word_1_152' title='bbox 290 2106 419 2171; x_wconf 88' lang='lat' dir='ltr'>brevior</span> <span class='ocrx_word' id='word_1_153' title='bbox 447 2107 549 2172; x_wconf 84' lang='lat' dir='ltr'>fieret.</span> <span class='ocrx_word' id='word_1_154' title='bbox 612 2100 660 2191; x_wconf 76' lang='grc' dir='ltr'>(ἢν</span> <span class='ocrx_word' id='word_1_155' title='bbox 690 2108 724 2173; x_wconf 92' lang='grc' dir='ltr'>δέ</span> <span class='ocrx_word' id='word_1_156' title='bbox 753 2133 793 2180; x_wconf 81' lang='grc' dir='ltr'>τις</span> <span class='ocrx_word' id='word_1_157' title='bbox 824 2110 901 2194; x_wconf 79' lang='grc' dir='ltr'>θέλῃ</span> <span class='ocrx_word' id='word_1_158' title='bbox 933 2111 1104 2181; x_wconf 75' lang='grc' dir='ltr'>δικάζεσθαι</span> <span class='ocrx_word' id='word_1_159' title='bbox 1132 2113 1199 2193; x_wconf 77' lang='grc' dir='ltr'>περὶ</span> <span class='ocrx_word' id='word_1_160' title='bbox 1227 2112 1280 2194; x_wconf 85' lang='grc' dir='ltr'>γῆς</span> <span class='ocrx_word' id='word_1_161' title='bbox 1308 2102 1327 2193; x_wconf 78' lang='grc' dir='ltr'><strong>ἢ</strong></span> <span class='ocrx_word' id='word_1_162' title='bbox 1357 2112 1468 2189; x_wconf 80' lang='grc' dir='ltr'>οἰκίων,</span> 
     </span>
     <span class='ocr_line' id='line_1_19' title="bbox 177 2202 1467 2296; baseline 0.002 -22"><span class='ocrx_word' id='word_1_163' title='bbox 177 2212 353 2275; x_wconf 83' lang='grc' dir='ltr'>ἐπικαλείτιο</span> <span class='ocrx_word' id='word_1_164' title='bbox 376 2213 407 2274; x_wconf 94' lang='grc' dir='ltr'>ἐν</span> <span class='ocrx_word' id='word_1_165' title='bbox 430 2213 508 2274; x_wconf 83' lang='grc' dir='ltr'>ὀκτὼ</span> <span class='ocrx_word' id='word_1_166' title='bbox 532 2213 581 2274; x_wconf 86' lang='grc' dir='ltr'>καὶ</span> <span class='ocrx_word' id='word_1_167' title='bbox 604 2211 678 2275; x_wconf 83' lang='grc' dir='ltr'>δέκα</span> <span class='ocrx_word' id='word_1_168' title='bbox 703 2215 788 2296; x_wconf 79' lang='grc' dir='ltr'>μησὶν</span> <span class='ocrx_word' id='word_1_169' title='bbox 812 2211 860 2276; x_wconf 86' lang='grc' dir='ltr'>ἀπ’</span> <span class='ocrx_word' id='word_1_170' title='bbox 884 2202 919 2277; x_wconf 86' lang='grc' dir='ltr'>ού</span> <span class='ocrx_word' id='word_1_171' title='bbox 942 2216 975 2276; x_wconf 87' lang='grc' dir='ltr'>τὸ</span> <span class='ocrx_word' id='word_1_172' title='bbox 999 2203 1070 2284; x_wconf 73' lang='grc' dir='ltr'>ἅδος</span> <span class='ocrx_word' id='word_1_173' title='bbox 1094 2213 1220 2292; x_wconf 78' lang='grc' dir='ltr'>ἐγένετο.</span> <span class='ocrx_word' id='word_1_174' title='bbox 1266 2261 1274 2276; x_wconf 92' lang='grc'><strong>.</strong></span> <span class='ocrx_word' id='word_1_175' title='bbox 1299 2261 1306 2276; x_wconf 94' lang='grc'><strong>.</strong></span> <span class='ocrx_word' id='word_1_176' title='bbox 1395 2261 1402 2276; x_wconf 91' lang='grc'><strong>.</strong></span> <span class='ocrx_word' id='word_1_177' title='bbox 1428 2261 1435 2274; x_wconf 92' lang='grc'><strong>.</strong></span> <span class='ocrx_word' id='word_1_178' title='bbox 1460 2262 1467 2276; x_wconf 95' lang='grc'><strong>.</strong></span> 
     </span>
     <span class='ocr_line' id='line_1_20' title="bbox 177 2305 1468 2401; baseline 0.002 -24"><span class='ocrx_word' id='word_1_179' title='bbox 177 2309 213 2396; x_wconf 80' lang='grc' dir='ltr'>ἢν</span> <span class='ocrx_word' id='word_1_180' title='bbox 241 2313 274 2378; x_wconf 91' lang='grc' dir='ltr'>δέ</span> <span class='ocrx_word' id='word_1_181' title='bbox 301 2337 342 2386; x_wconf 78' lang='grc' dir='ltr'>τις</span> <span class='ocrx_word' id='word_1_182' title='bbox 369 2305 490 2398; x_wconf 73' lang='grc' dir='ltr'>ὕστερον</span> <span class='ocrx_word' id='word_1_183' title='bbox 517 2317 643 2400; x_wconf 74' lang='grc' dir='ltr'>ἐπικαλῇ</span> <span class='ocrx_word' id='word_1_184' title='bbox 670 2317 775 2379; x_wconf 88' lang='grc' dir='ltr'>τούτου</span> <span class='ocrx_word' id='word_1_185' title='bbox 798 2316 852 2379; x_wconf 81' lang='grc' dir='ltr'>τού</span> <span class='ocrx_word' id='word_1_186' title='bbox 879 2316 988 2401; x_wconf 85' lang='grc' dir='ltr'>χρόνου</span> <span class='ocrx_word' id='word_1_187' title='bbox 1011 2316 1069 2380; x_wconf 76' lang='grc' dir='ltr'>τῶν</span> <span class='ocrx_word' id='word_1_188' title='bbox 1092 2316 1169 2379; x_wconf 83' lang='grc' dir='ltr'>ὀκτώ</span> <span class='ocrx_word' id='word_1_189' title='bbox 1193 2317 1242 2378; x_wconf 83' lang='grc' dir='ltr'>καὶ</span> <span class='ocrx_word' id='word_1_190' title='bbox 1264 2315 1338 2380; x_wconf 86' lang='grc' dir='ltr'>δέκα</span> <span class='ocrx_word' id='word_1_191' title='bbox 1358 2317 1468 2400; x_wconf 82' lang='grc' dir='ltr'>μηνῶν,</span> 
     </span>
     <span class='ocr_line' id='line_1_21' title="bbox 176 2406 1054 2504; baseline 0.001 -23"><span class='ocrx_word' id='word_1_192' title='bbox 176 2406 267 2501; x_wconf 72' lang='grc' dir='ltr'>ὅρκον</span> <span class='ocrx_word' id='word_1_193' title='bbox 290 2417 429 2504; x_wconf 73' lang='grc' dir='ltr'>εἶναιτῷ</span> <span class='ocrx_word' id='word_1_194' title='bbox 451 2418 604 2502; x_wconf 82' lang='grc' dir='ltr'>νεμομένῳ</span> <span class='ocrx_word' id='word_1_195' title='bbox 626 2420 679 2501; x_wconf 76' lang='grc' dir='ltr'>τὴν</span> <span class='ocrx_word' id='word_1_196' title='bbox 701 2420 755 2500; x_wconf 74' lang='grc' dir='ltr'>γῆν</span> <span class='ocrx_word' id='word_1_197' title='bbox 777 2410 797 2502; x_wconf 78' lang='grc' dir='ltr'><strong>ἢ</strong></span> <span class='ocrx_word' id='word_1_198' title='bbox 818 2420 855 2482; x_wconf 86' lang='grc' dir='ltr'>τὰ</span> <span class='ocrx_word' id='word_1_199' title='bbox 877 2419 956 2484; x_wconf 82' lang='grc' dir='ltr'>οἰκία</span> <span class='ocrx_word' id='word_1_200' title='bbox 978 2417 1054 2501; x_wconf 81' lang='grc' dir='ltr'>κτλ.)</span> 
     </span>
    </p>

    <p class='ocr_par' dir='ltr' id='par_1_6' title="bbox 170 2519 1470 3222">
     <span class='ocr_line' id='line_1_22' title="bbox 261 2519 1465 2603; baseline 0.002 -20"><span class='ocrx_word' id='word_1_201' title='bbox 261 2519 292 2584; x_wconf 83' lang='grc'>4.</span> <span class='ocrx_word' id='word_1_202' title='bbox 325 2519 499 2586; x_wconf 89' lang='lat' dir='ltr'>Decretum</span> <span class='ocrx_word' id='word_1_203' title='bbox 520 2540 593 2585; x_wconf 92' lang='lat' dir='ltr'>esse</span> <span class='ocrx_word' id='word_1_204' title='bbox 614 2526 650 2585; x_wconf 96' lang='lat' dir='ltr'>ut</span> <span class='ocrx_word' id='word_1_205' title='bbox 671 2522 786 2603; x_wconf 91' lang='lat' dir='ltr'>poenis</span> <span class='ocrx_word' id='word_1_206' title='bbox 808 2520 1004 2602; x_wconf 86' lang='lat' dir='ltr'>gravissimis</span> <span class='ocrx_word' id='word_1_207' title='bbox 1022 2522 1111 2586; x_wconf 88' lang='lat' dir='ltr'>velut</span> <span class='ocrx_word' id='word_1_208' title='bbox 1133 2521 1244 2586; x_wconf 86' lang='lat' dir='ltr'>exsilio</span> <span class='ocrx_word' id='word_1_209' title='bbox 1267 2521 1465 2602; x_wconf 88' lang='lat' dir='ltr'>sempiterno</span> 
     </span>
     <span class='ocr_line' id='line_1_23' title="bbox 173 2622 1468 2707; baseline 0.001 -20"><span class='ocrx_word' id='word_1_210' title='bbox 173 2623 406 2705; x_wconf 80' lang='lat' dir='ltr'>privandisqne</span> <span class='ocrx_word' id='word_1_211' title='bbox 427 2622 523 2688; x_wconf 89' lang='lat' dir='ltr'>bonis</span> <span class='ocrx_word' id='word_1_212' title='bbox 545 2623 739 2701; x_wconf 85' lang='lat' dir='ltr'>afficeretur,</span> <span class='ocrx_word' id='word_1_213' title='bbox 768 2624 823 2704; x_wconf 94' lang='lat' dir='ltr'>qui</span> <span class='ocrx_word' id='word_1_214' title='bbox 844 2624 930 2688; x_wconf 91' lang='lat' dir='ltr'>hanc</span> <span class='ocrx_word' id='word_1_215' title='bbox 951 2625 1057 2705; x_wconf 85' lang='lat' dir='ltr'>legem</span> <span class='ocrx_word' id='word_1_216' title='bbox 1078 2625 1269 2707; x_wconf 88' lang='lat' dir='ltr'>perturbare</span> <span class='ocrx_word' id='word_1_217' title='bbox 1291 2627 1348 2688; x_wconf 91' lang='lat' dir='ltr'>aut</span> <span class='ocrx_word' id='word_1_218' title='bbox 1370 2625 1468 2688; x_wconf 90' lang='lat' dir='ltr'>abro-</span> 
     </span>
     <span class='ocr_line' id='line_1_24' title="bbox 174 2719 1470 2813; baseline 0.002 -23"><span class='ocrx_word' id='word_1_219' title='bbox 174 2745 250 2807; x_wconf 86' lang='lat' dir='ltr'>gare</span> <span class='ocrx_word' id='word_1_220' title='bbox 273 2729 410 2790; x_wconf 81' lang='lat' dir='ltr'>conatus</span> <span class='ocrx_word' id='word_1_221' title='bbox 432 2728 528 2789; x_wconf 84' lang='lat' dir='ltr'>esset.</span> <span class='ocrx_word' id='word_1_222' title='bbox 568 2727 630 2810; x_wconf 78' lang='lat' dir='ltr'>(bv</span> <span class='ocrx_word' id='word_1_223' title='bbox 656 2728 746 2810; x_wconf 83' lang='grc' dir='ltr'>νόμον</span> <span class='ocrx_word' id='word_1_224' title='bbox 768 2730 880 2806; x_wconf 80' lang='grc' dir='ltr'>τοῦτον,</span> <span class='ocrx_word' id='word_1_225' title='bbox 909 2719 945 2812; x_wconf 74' lang='grc' dir='ltr'>ἦν</span> <span class='ocrx_word' id='word_1_226' title='bbox 967 2752 1007 2799; x_wconf 91' lang='grc' dir='ltr'>τις</span> <span class='ocrx_word' id='word_1_227' title='bbox 1035 2728 1112 2810; x_wconf 77' lang='grc' dir='ltr'>θέλῃ</span> <span class='ocrx_word' id='word_1_228' title='bbox 1136 2727 1260 2813; x_wconf 87' lang='grc' dir='ltr'>συγχέαι</span> <span class='ocrx_word' id='word_1_229' title='bbox 1281 2720 1301 2811; x_wconf 82' lang='grc' dir='ltr'><strong>ἤ</strong></span> <span class='ocrx_word' id='word_1_230' title='bbox 1324 2729 1470 2812; x_wconf 81' lang='grc' dir='ltr'>προθῆται</span> 
     </span>
     <span class='ocr_line' id='line_1_25' title="bbox 175 2817 1469 2915; baseline 0.002 -23"><span class='ocrx_word' id='word_1_231' title='bbox 175 2831 287 2914; x_wconf 71' lang='grc' dir='ltr'>ψῆφον,</span> <span class='ocrx_word' id='word_1_232' title='bbox 317 2817 394 2892; x_wconf 75' lang='grc' dir='ltr'>ὥστε</span> <span class='ocrx_word' id='word_1_233' title='bbox 424 2833 464 2915; x_wconf 84' lang='grc' dir='ltr'>μὴ</span> <span class='ocrx_word' id='word_1_234' title='bbox 495 2829 569 2894; x_wconf 81' lang='grc' dir='ltr'>εἶναι</span> <span class='ocrx_word' id='word_1_235' title='bbox 598 2832 647 2896; x_wconf 82' lang='grc' dir='ltr'>τὸν</span> <span class='ocrx_word' id='word_1_236' title='bbox 676 2831 766 2913; x_wconf 82' lang='grc' dir='ltr'>νόμον</span> <span class='ocrx_word' id='word_1_237' title='bbox 794 2832 907 2912; x_wconf 86' lang='grc' dir='ltr'>ταύταν,</span> <span class='ocrx_word' id='word_1_238' title='bbox 935 2833 972 2894; x_wconf 88' lang='grc' dir='ltr'>τά</span> <span class='ocrx_word' id='word_1_239' title='bbox 1000 2831 1086 2893; x_wconf 74' lang='grc' dir='ltr'>ἐόντα</span> <span class='ocrx_word' id='word_1_240' title='bbox 1114 2831 1204 2894; x_wconf 84' lang='grc' dir='ltr'>αὐτού</span> <span class='ocrx_word' id='word_1_241' title='bbox 1233 2832 1396 2914; x_wconf 79' lang='grc' dir='ltr'>πεπρήσθιυ</span> <span class='ocrx_word' id='word_1_242' title='bbox 1419 2834 1469 2896; x_wconf 85' lang='grc' dir='ltr'>καὶ</span> 
     </span>
     <span class='ocr_line' id='line_1_26' title="bbox 176 2923 1468 3019; baseline 0.001 -24"><span class='ocrx_word' id='word_1_243' title='bbox 176 2933 373 3004; x_wconf 81' lang='grc' dir='ltr'>τώπύλλωνος</span> <span class='ocrx_word' id='word_1_244' title='bbox 396 2933 469 2997; x_wconf 81' lang='grc' dir='ltr'>εἶναι</span> <span class='ocrx_word' id='word_1_245' title='bbox 491 2934 555 3017; x_wconf 80' lang='grc' dir='ltr'>ἱερὰ</span> <span class='ocrx_word' id='word_1_246' title='bbox 576 2935 627 2996; x_wconf 84' lang='grc' dir='ltr'>καὶ</span> <span class='ocrx_word' id='word_1_247' title='bbox 650 2935 738 2999; x_wconf 87' lang='grc' dir='ltr'>αύτδν</span> <span class='ocrx_word' id='word_1_248' title='bbox 761 2935 878 3019; x_wconf 80' lang='grc' dir='ltr'>φεύγειν</span> <span class='ocrx_word' id='word_1_249' title='bbox 902 2934 958 2997; x_wconf 81' lang='grc' dir='ltr'>ἀεί·</span> <span class='ocrx_word' id='word_1_250' title='bbox 981 2925 1018 3016; x_wconf 80' lang='grc' dir='ltr'>ἢν</span> <span class='ocrx_word' id='word_1_251' title='bbox 1040 2935 1074 2996; x_wconf 86' lang='grc' dir='ltr'>δὲ</span> <span class='ocrx_word' id='word_1_252' title='bbox 1096 2935 1136 3017; x_wconf 84' lang='grc' dir='ltr'>μὴ</span> <span class='ocrx_word' id='word_1_253' title='bbox 1152 2929 1180 3017; x_wconf 76' lang='grc' dir='ltr'><strong>ᾖ</strong></span> <span class='ocrx_word' id='word_1_254' title='bbox 1204 2932 1285 3018; x_wconf 78' lang='grc' dir='ltr'>αὐτῷ</span> <span class='ocrx_word' id='word_1_255' title='bbox 1309 2923 1372 3004; x_wconf 75' lang='grc' dir='ltr'>ἄξια</span> <span class='ocrx_word' id='word_1_256' title='bbox 1396 2933 1468 2996; x_wconf 84' lang='grc' dir='ltr'>δέκα</span> 
     </span>
     <span class='ocr_line' id='line_1_27' title="bbox 177 3035 1468 3121; baseline -0.001 -21"><span class='ocrx_word' id='word_1_257' title='bbox 177 3035 338 3118; x_wconf 75' lang='grc' dir='ltr'>στατήρων,</span> <span class='ocrx_word' id='word_1_258' title='bbox 374 3035 461 3099; x_wconf 77' lang='grc' dir='ltr'>αὐτὸν</span> <span class='ocrx_word' id='word_1_259' title='bbox 494 3038 662 3119; x_wconf 73' lang='grc' dir='ltr'>πεπρῆσθαι</span> <span class='ocrx_word' id='word_1_260' title='bbox 692 3036 736 3101; x_wconf 87' lang='grc' dir='ltr'>ἐπ’</span> <span class='ocrx_word' id='word_1_261' title='bbox 767 3037 904 3121; x_wconf 74' lang='grc' dir='ltr'>ἐξαγωγῇ</span> <span class='ocrx_word' id='word_1_262' title='bbox 937 3038 988 3100; x_wconf 82' lang='grc' dir='ltr'>καὶ</span> <span class='ocrx_word' id='word_1_263' title='bbox 1019 3037 1146 3119; x_wconf 72' lang='grc' dir='ltr'>μηδαμὰ,</span> <span class='ocrx_word' id='word_1_264' title='bbox 1173 3036 1305 3100; x_wconf 79' lang='grc' dir='ltr'>κάθοδον</span> <span class='ocrx_word' id='word_1_265' title='bbox 1335 3035 1408 3101; x_wconf 82' lang='grc' dir='ltr'>εἶναι</span> <span class='ocrx_word' id='word_1_266' title='bbox 1438 3037 1468 3105; x_wconf 88' lang='grc' dir='ltr'>ἐς</span> 
     </span>
     <span class='ocr_line' id='line_1_28' title="bbox 170 3133 430 3222; baseline 0.004 -22"><span class='ocrx_word' id='word_1_267' title='bbox 170 3133 430 3222; x_wconf 54' lang='grc' dir='ltr'>(Αλικαρνησσύν.)</span> 
     </span>
    </p>

    <p class='ocr_par' dir='ltr' id='par_1_7' title="bbox 176 3240 1469 3633">
     <span class='ocr_line' id='line_1_29' title="bbox 262 3240 1469 3324; baseline -0.001 -20"><span class='ocrx_word' id='word_1_268' title='bbox 262 3241 292 3305; x_wconf 90' lang='grc'>5.</span> <span class='ocrx_word' id='word_1_269' title='bbox 325 3241 461 3306; x_wconf 91' lang='lat' dir='ltr'>Pactam</span> <span class='ocrx_word' id='word_1_270' title='bbox 483 3241 569 3305; x_wconf 89' lang='lat' dir='ltr'>hanc</span> <span class='ocrx_word' id='word_1_271' title='bbox 587 3242 693 3323; x_wconf 85' lang='lat' dir='ltr'>legem</span> <span class='ocrx_word' id='word_1_272' title='bbox 712 3261 783 3306; x_wconf 90' lang='lat' dir='ltr'>esse</span> <span class='ocrx_word' id='word_1_273' title='bbox 803 3242 887 3306; x_wconf 90' lang='lat' dir='ltr'>inter</span> <span class='ocrx_word' id='word_1_274' title='bbox 906 3241 987 3306; x_wconf 90' lang='lat' dir='ltr'>duas</span> <span class='ocrx_word' id='word_1_275' title='bbox 1005 3245 1126 3324; x_wconf 72' lang='lat' dir='ltr'>partes</span> <span class='ocrx_word' id='word_1_276' title='bbox 1149 3260 1287 3323; x_wconf 88' lang='lat' dir='ltr'>quarum</span> <span class='ocrx_word' id='word_1_277' title='bbox 1306 3241 1348 3304; x_wconf 92' lang='lat' dir='ltr'>ab</span> <span class='ocrx_word' id='word_1_278' title='bbox 1366 3240 1469 3304; x_wconf 90' lang='lat' dir='ltr'>altera</span> 
     </span>
     <span class='ocr_line' id='line_1_30' title="bbox 176 3343 1467 3426; baseline 0 -20"><span class='ocrx_word' id='word_1_279' title='bbox 176 3343 302 3408; x_wconf 87' lang='lat' dir='ltr'>steterit</span> <span class='ocrx_word' id='word_1_280' title='bbox 330 3344 511 3426; x_wconf 78' lang='lat' dir='ltr'>LygdamiS,</span> <span class='ocrx_word' id='word_1_281' title='bbox 543 3345 585 3409; x_wconf 86' lang='lat' dir='ltr'>ab</span> <span class='ocrx_word' id='word_1_282' title='bbox 615 3345 718 3409; x_wconf 89' lang='lat' dir='ltr'>altera</span> <span class='ocrx_word' id='word_1_283' title='bbox 748 3345 892 3409; x_wconf 88' lang='lat' dir='ltr'>civitates</span> <span class='ocrx_word' id='word_1_284' title='bbox 922 3344 1248 3409; x_wconf 87' lang='lat' dir='ltr'>Halicarnasseorum</span> <span class='ocrx_word' id='word_1_285' title='bbox 1277 3347 1310 3407; x_wconf 92' lang='lat' dir='ltr'>et</span> <span class='ocrx_word' id='word_1_286' title='bbox 1339 3343 1467 3407; x_wconf 89' lang='lat' dir='ltr'>Salma-</span> 
     </span>
     <span class='ocr_line' id='line_1_31' title="bbox 177 3443 1467 3536; baseline 0 -28"><span class='ocrx_word' id='word_1_287' title='bbox 177 3445 323 3510; x_wconf 84' lang='lat' dir='ltr'>citar&#39;um.</span> <span class='ocrx_word' id='word_1_288' title='bbox 358 3445 441 3529; x_wconf 78' lang='grc' dir='ltr'>(τάδε</span> <span class='ocrx_word' id='word_1_289' title='bbox 460 3449 475 3511; x_wconf 85' lang='grc' dir='ltr'>ὁ</span> <span class='ocrx_word' id='word_1_290' title='bbox 495 3449 637 3531; x_wconf 85' lang='grc' dir='ltr'>σύλλογος</span> <span class='ocrx_word' id='word_1_291' title='bbox 657 3449 856 3536; x_wconf 78' lang='grc' dir='ltr'>ἐβουλεύσατο</span> <span class='ocrx_word' id='word_1_292' title='bbox 877 3443 1170 3532; x_wconf 81' lang='grc' dir='ltr'>δἋλικαρνασσέυν</span> <span class='ocrx_word' id='word_1_293' title='bbox 1189 3449 1238 3511; x_wconf 90' lang='grc' dir='ltr'>καὶ</span> <span class='ocrx_word' id='word_1_294' title='bbox 1257 3447 1467 3529; x_wconf 84' lang='grc' dir='ltr'>Σαλμακιτέων</span> 
     </span>
     <span class='ocr_line' id='line_1_32' title="bbox 176 3548 419 3633; baseline 0.012 -23"><span class='ocrx_word' id='word_1_295' title='bbox 176 3551 227 3613; x_wconf 87' lang='grc' dir='ltr'>καὶ</span> <span class='ocrx_word' id='word_1_296' title='bbox 248 3548 419 3633; x_wconf 81' lang='grc' dir='ltr'>Λύγδαμις.)</span> 
     </span>
    </p>

    <p class='ocr_par' dir='ltr' id='par_1_8' title="bbox 174 3651 1467 3839">
     <span class='ocr_line' id='line_1_33' title="bbox 263 3651 1467 3736; baseline 0.001 -21"><span class='ocrx_word' id='word_1_297' title='bbox 263 3652 293 3715; x_wconf 92' lang='grc'>6.</span> <span class='ocrx_word' id='word_1_298' title='bbox 326 3651 534 3717; x_wconf 89' lang='lat' dir='ltr'>lureiurando</span> <span class='ocrx_word' id='word_1_299' title='bbox 568 3653 611 3717; x_wconf 97' lang='lat' dir='ltr'>ad</span> <span class='ocrx_word' id='word_1_300' title='bbox 644 3654 728 3718; x_wconf 88' lang='lat' dir='ltr'>hanc</span> <span class='ocrx_word' id='word_1_301' title='bbox 756 3653 862 3734; x_wconf 83' lang='lat' dir='ltr'>legem</span> <span class='ocrx_word' id='word_1_302' title='bbox 894 3652 1135 3736; x_wconf 85' lang='lat' dir='ltr'>observandam</span> <span class='ocrx_word' id='word_1_303' title='bbox 1169 3671 1207 3716; x_wconf 89' lang='lat' dir='ltr'>ac</span> <span class='ocrx_word' id='word_1_304' title='bbox 1239 3652 1398 3717; x_wconf 90' lang='lat' dir='ltr'>tuendam</span> <span class='ocrx_word' id='word_1_305' title='bbox 1431 3672 1467 3716; x_wconf 92' lang='lat' dir='ltr'>se</span> 
     </span>
     <span class='ocr_line' id='line_1_34' title="bbox 174 3751 1467 3839; baseline 0.001 -22"><span class='ocrx_word' id='word_1_306' title='bbox 174 3753 352 3836; x_wconf 85' lang='lat' dir='ltr'>Lygdamin</span> <span class='ocrx_word' id='word_1_307' title='bbox 385 3755 572 3820; x_wconf 85' lang='lat' dir='ltr'>astrinxisse</span> <span class='ocrx_word' id='word_1_308' title='bbox 605 3775 644 3820; x_wconf 90' lang='lat' dir='ltr'>ac</span> <span class='ocrx_word' id='word_1_309' title='bbox 672 3756 767 3821; x_wconf 91' lang='lat' dir='ltr'>cives.</span> <span class='ocrx_word' id='word_1_310' title='bbox 780 3755 804 3839; x_wconf 78' lang='lat'>¹)</span> <span class='ocrx_word' id='word_1_311' title='bbox 856 3751 1131 3839; x_wconf 79' lang='grc' dir='ltr'>(Ἀλικαρνγσσέιον</span> <span class='ocrx_word' id='word_1_312' title='bbox 1166 3757 1199 3820; x_wconf 81' lang='grc' dir='ltr'>δὲ</span> <span class='ocrx_word' id='word_1_313' title='bbox 1233 3757 1467 3838; x_wconf 82' lang='grc' dir='ltr'>τωσσυμποὶντων</span> 
     </span>
    </p>
   </div>
   <div class='ocr_carea' id='block_1_3' title="bbox 174 3971 1468 4560">
    <p class='ocr_par' dir='ltr' id='par_1_9' title="bbox 174 3971 1468 4560">
     <span class='ocr_line' id='line_1_35' title="bbox 262 3971 1467 4050; baseline -0.002 -20"><span class='ocrx_word' id='word_1_314' title='bbox 262 3976 282 4036; x_wconf 82' lang='lat' dir='ltr'>lt</span> <span class='ocrx_word' id='word_1_315' title='bbox 307 3974 350 4030; x_wconf 70' lang='grc' dir='ltr'>Τὰ</span> <span class='ocrx_word' id='word_1_316' title='bbox 362 3971 443 4050; x_wconf 83' lang='grc' dir='ltr'>’ὅρκια</span> <span class='ocrx_word' id='word_1_317' title='bbox 461 3993 516 4046; x_wconf 88' lang='lat' dir='ltr'>quo</span> <span class='ocrx_word' id='word_1_318' title='bbox 534 3977 590 4032; x_wconf 86' lang='lat' dir='ltr'>iure</span> <span class='ocrx_word' id='word_1_319' title='bbox 605 3978 787 4032; x_wconf 88' lang='lat' dir='ltr'>Kirchboffius</span> <span class='ocrx_word' id='word_1_320' title='bbox 805 3979 841 4046; x_wconf 93' lang='lat' dir='ltr'>(p.</span> <span class='ocrx_word' id='word_1_321' title='bbox 852 3978 879 4046; x_wconf 89' lang='grc'>6)</span> <span class='ocrx_word' id='word_1_322' title='bbox 897 3983 924 4032; x_wconf 89' lang='lat' dir='ltr'>et</span> <span class='ocrx_word' id='word_1_323' title='bbox 941 3979 986 4032; x_wconf 85' lang='lat' dir='ltr'>alii</span> <span class='ocrx_word' id='word_1_324' title='bbox 1003 3979 1056 4032; x_wconf 90' lang='lat' dir='ltr'>hac</span> <span class='ocrx_word' id='word_1_325' title='bbox 1069 3978 1195 4046; x_wconf 87' lang='lat' dir='ltr'>pactione</span> <span class='ocrx_word' id='word_1_326' title='bbox 1209 3976 1349 4046; x_wconf 85' lang='lat' dir='ltr'>superiora</span> <span class='ocrx_word' id='word_1_327' title='bbox 1363 3981 1467 4044; x_wconf 89' lang='lat' dir='ltr'>putent,</span> 
     </span>
     <span class='ocr_line' id='line_1_36' title="bbox 174 4061 1467 4132; baseline -0.002 -16"><span class='ocrx_word' id='word_1_328' title='bbox 174 4079 232 4116; x_wconf 91' lang='lat' dir='ltr'>non</span> <span class='ocrx_word' id='word_1_329' title='bbox 248 4062 383 4131; x_wconf 75' lang='lat' dir='ltr'>intellego.</span> <span class='ocrx_word' id='word_1_330' title='bbox 418 4063 488 4118; x_wconf 86' lang='lat' dir='ltr'>Nam</span> <span class='ocrx_word' id='word_1_331' title='bbox 506 4066 586 4117; x_wconf 81' lang='grc' dir='ltr'>ταῦτα</span> <span class='ocrx_word' id='word_1_332' title='bbox 610 4064 693 4118; x_wconf 91' lang='lat' dir='ltr'>verbo</span> <span class='ocrx_word' id='word_1_333' title='bbox 718 4069 840 4132; x_wconf 88' lang='lat' dir='ltr'>apertum</span> <span class='ocrx_word' id='word_1_334' title='bbox 864 4069 905 4117; x_wconf 90' lang='lat' dir='ltr'>est</span> <span class='ocrx_word' id='word_1_335' title='bbox 922 4081 984 4118; x_wconf 89' lang='lat' dir='ltr'>earn</span> <span class='ocrx_word' id='word_1_336' title='bbox 1002 4065 1177 4119; x_wconf 80' lang='lat' dir='ltr'>constitutam</span> <span class='ocrx_word' id='word_1_337' title='bbox 1195 4080 1227 4117; x_wconf 88' lang='lat' dir='ltr'>ac</span> <span class='ocrx_word' id='word_1_338' title='bbox 1249 4061 1417 4131; x_wconf 86' lang='lat' dir='ltr'>propositam</span> <span class='ocrx_word' id='word_1_339' title='bbox 1435 4061 1467 4114; x_wconf 91' lang='lat' dir='ltr'>iis</span> 
     </span>
     <span class='ocr_line' id='line_1_37' title="bbox 174 4145 1468 4222; baseline -0.001 -22"><span class='ocrx_word' id='word_1_340' title='bbox 174 4148 267 4212; x_wconf 86' lang='lat' dir='ltr'>fnisse,</span> <span class='ocrx_word' id='word_1_341' title='bbox 292 4148 339 4216; x_wconf 91' lang='lat' dir='ltr'>qui</span> <span class='ocrx_word' id='word_1_342' title='bbox 361 4149 393 4202; x_wconf 76' lang='grc' dir='ltr'>τά</span> <span class='ocrx_word' id='word_1_343' title='bbox 416 4145 491 4222; x_wconf 84' lang='grc' dir='ltr'>δκρια</span> <span class='ocrx_word' id='word_1_344' title='bbox 514 4150 618 4216; x_wconf 78' lang='grc' dir='ltr'>ἔταμον.</span> <span class='ocrx_word' id='word_1_345' title='bbox 652 4150 702 4204; x_wconf 91' lang='lat' dir='ltr'>His</span> <span class='ocrx_word' id='word_1_346' title='bbox 724 4149 805 4218; x_wconf 70' lang='lat' dir='ltr'>igitur</span> <span class='ocrx_word' id='word_1_347' title='bbox 829 4150 917 4204; x_wconf 91' lang='lat' dir='ltr'>verbis</span> <span class='ocrx_word' id='word_1_348' title='bbox 939 4151 1028 4218; x_wconf 89' lang='lat' dir='ltr'>ipsam</span> <span class='ocrx_word' id='word_1_349' title='bbox 1051 4150 1123 4204; x_wconf 89' lang='lat' dir='ltr'>hanc</span> <span class='ocrx_word' id='word_1_350' title='bbox 1145 4149 1299 4217; x_wconf 89' lang='lat' dir='ltr'>pactionem</span> <span class='ocrx_word' id='word_1_351' title='bbox 1322 4146 1468 4216; x_wconf 72' lang='lat' dir='ltr'>significari</span> 
     </span>
     <span class='ocr_line' id='line_1_38' title="bbox 174 4232 1467 4308; baseline -0.002 -22"><span class='ocrx_word' id='word_1_352' title='bbox 174 4238 241 4301; x_wconf 88' lang='lat' dir='ltr'>pulo</span> <span class='ocrx_word' id='word_1_353' title='bbox 259 4249 291 4287; x_wconf 84' lang='lat' dir='ltr'>ac</span> <span class='ocrx_word' id='word_1_354' title='bbox 308 4234 398 4289; x_wconf 79' lang='lat' dir='ltr'>verbis</span> <span class='ocrx_word' id='word_1_355' title='bbox 416 4236 451 4293; x_wconf 79' lang='grc' dir='ltr'>ὡς</span> <span class='ocrx_word' id='word_1_356' title='bbox 469 4239 608 4304; x_wconf 74' lang='grc' dir='ltr'>γέγραπται</span> <span class='ocrx_word' id='word_1_357' title='bbox 626 4235 652 4308; x_wconf 73' lang='grc' dir='ltr'>ἐν</span> <span class='ocrx_word' id='word_1_358' title='bbox 671 4238 707 4306; x_wconf 86' lang='grc' dir='ltr'>τῷ</span> <span class='ocrx_word' id='word_1_359' title='bbox 728 4232 896 4304; x_wconf 68' lang='grc' dir='ltr'>Ἀπολλωνίῳ</span> <span class='ocrx_word' id='word_1_360' title='bbox 914 4236 987 4289; x_wconf 89' lang='lat' dir='ltr'>item.</span> <span class='ocrx_word' id='word_1_361' title='bbox 1023 4235 1076 4301; x_wconf 86' lang='lat' dir='ltr'>Qui</span> <span class='ocrx_word' id='word_1_362' title='bbox 1094 4235 1166 4288; x_wconf 90' lang='lat' dir='ltr'>enim</span> <span class='ocrx_word' id='word_1_363' title='bbox 1184 4235 1297 4288; x_wconf 88' lang='lat' dir='ltr'>alteram</span> <span class='ocrx_word' id='word_1_364' title='bbox 1314 4232 1467 4301; x_wconf 89' lang='lat' dir='ltr'>pactionem</span> 
     </span>
     <span class='ocr_line' id='line_1_39' title="bbox 174 4316 1467 4389; baseline -0.002 -17"><span class='ocrx_word' id='word_1_365' title='bbox 174 4335 289 4386; x_wconf 87' lang='lat' dir='ltr'>eamque</span> <span class='ocrx_word' id='word_1_366' title='bbox 310 4320 476 4388; x_wconf 88' lang='lat' dir='ltr'>superiorem</span> <span class='ocrx_word' id='word_1_367' title='bbox 498 4322 580 4376; x_wconf 87' lang='lat' dir='ltr'>fuisse</span> <span class='ocrx_word' id='word_1_368' title='bbox 598 4337 632 4376; x_wconf 84' lang='lat' dir='ltr'>ex</span> <span class='ocrx_word' id='word_1_369' title='bbox 648 4321 681 4375; x_wconf 92' lang='lat' dir='ltr'>iis</span> <span class='ocrx_word' id='word_1_370' title='bbox 699 4321 838 4389; x_wconf 75' lang='lat' dir='ltr'>colligunt,</span> <span class='ocrx_word' id='word_1_371' title='bbox 862 4322 915 4375; x_wconf 86' lang='lat' dir='ltr'>hac</span> <span class='ocrx_word' id='word_1_372' title='bbox 931 4320 1057 4389; x_wconf 85' lang='lat' dir='ltr'>pactione</span> <span class='ocrx_word' id='word_1_373' title='bbox 1075 4336 1146 4388; x_wconf 86' lang='lat' dir='ltr'>quae</span> <span class='ocrx_word' id='word_1_374' title='bbox 1169 4319 1244 4373; x_wconf 86' lang='lat' dir='ltr'>bravi</span> <span class='ocrx_word' id='word_1_375' title='bbox 1262 4324 1325 4373; x_wconf 88' lang='lat' dir='ltr'>ante</span> <span class='ocrx_word' id='word_1_376' title='bbox 1341 4316 1467 4386; x_wconf 87' lang='lat' dir='ltr'>pactione</span> 
     </span>
     <span class='ocr_line' id='line_1_40' title="bbox 175 4403 1468 4475; baseline -0.001 -19"><span class='ocrx_word' id='word_1_377' title='bbox 175 4404 322 4459; x_wconf 86' lang='lat' dir='ltr'>constituta</span> <span class='ocrx_word' id='word_1_378' title='bbox 338 4422 389 4460; x_wconf 85' lang='lat' dir='ltr'>nec</span> <span class='ocrx_word' id='word_1_379' title='bbox 406 4411 504 4475; x_wconf 86' lang='lat' dir='ltr'>postea</span> <span class='ocrx_word' id='word_1_380' title='bbox 521 4407 629 4460; x_wconf 86' lang='lat' dir='ltr'>sublata</span> <span class='ocrx_word' id='word_1_381' title='bbox 646 4424 697 4461; x_wconf 89' lang='lat' dir='ltr'>nec</span> <span class='ocrx_word' id='word_1_382' title='bbox 714 4413 820 4462; x_wconf 87' lang='lat' dir='ltr'>mutata</span> <span class='ocrx_word' id='word_1_383' title='bbox 837 4413 914 4461; x_wconf 89' lang='lat' dir='ltr'>erant</span> <span class='ocrx_word' id='word_1_384' title='bbox 932 4409 966 4460; x_wconf 91' lang='lat' dir='ltr'>ab</span> <span class='ocrx_word' id='word_1_385' title='bbox 985 4407 1085 4460; x_wconf 90' lang='lat' dir='ltr'>eisdem</span> <span class='ocrx_word' id='word_1_386' title='bbox 1102 4406 1199 4460; x_wconf 88' lang='lat' dir='ltr'>iterum</span> <span class='ocrx_word' id='word_1_387' title='bbox 1218 4420 1251 4458; x_wconf 89' lang='lat' dir='ltr'>ao</span> <span class='ocrx_word' id='word_1_388' title='bbox 1265 4406 1354 4458; x_wconf 90' lang='lat' dir='ltr'>denuo</span> <span class='ocrx_word' id='word_1_389' title='bbox 1370 4403 1468 4456; x_wconf 88' lang='lat' dir='ltr'>consti·</span> 
     </span>
     <span class='ocr_line' id='line_1_41' title="bbox 175 4488 1388 4560; baseline -0.002 -18"><span class='ocrx_word' id='word_1_390' title='bbox 175 4494 234 4543; x_wconf 88' lang='lat' dir='ltr'>tnta</span> <span class='ocrx_word' id='word_1_391' title='bbox 251 4491 416 4546; x_wconf 86' lang='lat' dir='ltr'>arbitrantur</span> <span class='ocrx_word' id='word_1_392' title='bbox 433 4507 499 4557; x_wconf 89' lang='lat' dir='ltr'>esse,</span> <span class='ocrx_word' id='word_1_393' title='bbox 518 4492 621 4560; x_wconf 85' lang='lat' dir='ltr'>idquod</span> <span class='ocrx_word' id='word_1_394' title='bbox 639 4492 787 4547; x_wconf 87' lang='lat' dir='ltr'>absurdum</span> <span class='ocrx_word' id='word_1_395' title='bbox 806 4510 838 4547; x_wconf 88' lang='lat' dir='ltr'>ac</span> <span class='ocrx_word' id='word_1_396' title='bbox 855 4493 999 4547; x_wconf 81' lang='lat' dir='ltr'>manifesto</span> <span class='ocrx_word' id='word_1_397' title='bbox 1017 4509 1173 4560; x_wconf 87' lang='lat' dir='ltr'>perversum</span> <span class='ocrx_word' id='word_1_398' title='bbox 1191 4490 1257 4544; x_wconf 91' lang='lat' dir='ltr'>mihi</span> <span class='ocrx_word' id='word_1_399' title='bbox 1274 4488 1388 4544; x_wconf 89' lang='lat' dir='ltr'>videtur.</span> 
     </span>
    </p>
   </div>
   <div class='ocr_carea' id='block_1_4' title="bbox 0 0 1806 5288">
    <p class='ocr_par' dir='ltr' id='par_1_10' title="bbox 0 0 1806 5288">
     <span class='ocr_line' id='line_1_42' title="bbox 0 0 1806 5288; baseline 0 0"><span class='ocrx_word' id='word_1_400' title='bbox 0 0 1806 5288; x_wconf 95' lang='lat' dir='ltr'> </span> 
     </span>
    </p>
   </div>
  </div>
 </body>
</html>
