3604 5288
835 343 1025 405 „4-

287 511 507 582 tractaverunt
536 519 593 580 aut
619 515 716 596 plane
737 513 956 594 neglexerunt.
1001 511 1156 591 Quamvis
1184 512 1279 594 igitur
1305 512 1443 576 multum
1465 512 1576 593 dispu-

287 623 392 684 tatum
424 619 479 697 sit,
518 622 630 682 tamen
662 617 703 680 de
737 615 884 698 plurimis
919 616 1017 679 rebus
1057 616 1143 678 hanc
1175 615 1400 696 quaestionem
1432 614 1578 678 relictam

288 722 448 786 habemus
458 721 559 786 nihilo
575 719 682 784 minus
694 719 877 782 obscuram.
900 717 1060 783 Locorum
1072 717 1159 782 enim
1170 721 1406 798 corruptorum,
1419 717 1474 798 qui
1485 717 1579 781 multi

289 816 363 888 eam
374 824 563 905 impediunt,
575 823 681 887 nullus
693 821 800 886 adhuc
811 822 857 885 ita
869 821 1045 902 explicatus
1057 825 1113 884 aut
1132 820 1322 904 emendatus
1335 823 1384 884 est
1395 824 1430 884 ut
1442 820 1475 883 in
1485 820 1577 884 testi-

289 927 435 990 monium
451 926 579 991 admitti
594 925 707 1007 possit.
729 923 976 1005 Atqueincerta
994 927 1068 987 sunt
1084 923 1203 1000 omnia,
1219 942 1303 1004 quae
1320 922 1363 986 ad
1373 923 1475 987 vitam
1487 927 1578 988 acta-

288 1033 420 1110 temque
442 1029 616 1110 pertinent.
650 1029 699 1091 Ne
723 1028 764 1091 de
787 1045 929 1108 persona
952 1026 1083 1108 quidem
1107 1025 1217 1090 omnia
1237 1025 1440 1090 dubitatione
1458 1029 1577 1090 carent.

288 1133 361 1196 Duo
377 1132 464 1196 enim
478 1130 694 1213 Panyassides
716 1131 805 1211 apud
822 1129 958 1194 Suidam
978 1129 1160 1206 traduntur,
1183 1132 1283 1210 poeta
1305 1132 1337 1192 et
1354 1128 1579 1210 philosophus,

290 1235 374 1298 inter
396 1254 493 1316 quos,
524 1253 598 1298 cum
619 1233 787 1314 multiplex
816 1252 854 1296 ac
876 1236 1027 1313 suspecta
1049 1231 1228 1295 intercedat
1250 1231 1441 1308 similitudo,
1467 1235 1580 1295 tamen

289 1338 469 1402 accuratius
485 1338 519 1401 in
534 1357 604 1401 rem
620 1355 717 1400 nemo
734 1355 880 1416 unquam
896 1334 1070 1416 inquisivit.
1099 1334 1186 1411 Quid
1201 1354 1278 1398 vero
1295 1334 1581 1415 grammaticorum

290 1440 475 1504 coniectura
497 1443 604 1504 ortum
626 1439 677 1516 sit,
701 1438 780 1520 quid
801 1442 970 1504 auctorum
987 1441 1189 1502 vetustorum
1204 1437 1397 1502 testimoniis
1414 1437 1580 1514 traditum,

292 1542 371 1624 quid
391 1542 608 1624 probandum,
632 1542 711 1623 quid
728 1560 795 1605 non
815 1542 865 1619 sit,
889 1541 968 1622 quid
985 1541 1153 1618 incertum,
1177 1560 1216 1604 ea
1233 1540 1343 1603 omnia
1358 1559 1426 1603 non
1443 1539 1580 1603 demon-

292 1648 394 1709 strata
416 1647 505 1721 sunt,
535 1644 594 1708 sed
626 1645 893 1708 demonstranda.
937 1643 1051 1724 ltaque
1072 1643 1106 1706 in
1129 1642 1354 1724 quaestionem
1380 1643 1580 1720 vocabimus,
1633 1659 1665 1700 ·.

291 1767 502 1832 quaecunque
542 1748 585 1811 ad
621 1747 801 1830 Panyassin
839 1747 1012 1828 pertinent.
1068 1747 1146 1812 Sola
1184 1746 1362 1810 carminum
1400 1746 1582 1828 fragmenta

292 1851 489 1928 omittemus
509 1865 647 1932 quorum
662 1851 705 1914 ab
726 1850 796 1914 aliis
815 1853 964 1914 accurate
982 1853 1195 1914 tractatorum
1210 1849 1371 1913 rationem
1387 1849 1581 1914 habebimus

292 1973 376 2035 quae
399 1952 532 2034 quidem
552 1952 736 2017 necessaria
757 1952 913 2016 videatur.

378 2055 533 2120 Materiae
555 2058 681 2119 tractan
700 2054 938 2118 daemaximam
960 2058 1088 2136 partem
1104 2055 1224 2120 Suidae
1241 2055 1331 2118 locus
1351 2055 1504 2132 continet,
1527 2056 1583 2137 qui

292 2179 318 2222 s
337 2179 367 2223 v,
384 2159 533 2230 Πανύασις
556 2161 614 2223 est.
649 2156 755 2236 Quem
777 2158 819 2222 ad
842 2158 1059 2239 supplendum
1081 2162 1138 2223 aut
1160 2158 1386 2240 corrigendum
1408 2178 1482 2223 cum
1503 2158 1583 2222 nihil

292 2262 473 2337 conserant,
502 2281 585 2344 quae
606 2260 874 2325 Pseudoeudocia
897 2260 938 2325 de
959 2260 1158 2343 Panyasside
1188 2261 1277 2339 dicit,
1307 2261 1348 2324 de
1377 2280 1442 2342 quo
1465 2261 1583 2326 Suidas

293 2365 397 2429 multo
415 2365 576 2446 copiosius
592 2368 690 2445 atque
708 2364 886 2428 accuratius
899 2365 1057 2445 exposuit,
1073 2365 1237 2428 Eudociae
1251 2365 1351 2428 verba
1365 2383 1433 2427 non
1444 2363 1583 2444 amplius

293 2468 512 2550 respiciemus.
545 2467 589 2529 Ut
600 2484 666 2529 uno
679 2470 854 2547 conspectu
877 2467 1058 2548 comparari
1075 2467 1212 2550 possint,
1231 2467 1316 2531 inter
1335 2486 1370 2530 se
1387 2466 1583 2548 opponimus

293 2590 378 2652 quae
400 2569 518 2634 Suidas
541 2569 603 2633 fert
626 2588 774 2650 quaeque
796 2569 948 2634 Eudocia.

402 2758 521 2823 Suidas
544 2777 570 2821 s.
593 2777 622 2821 v,
647 2759 804 2828 Πανύασις.
1062 2757 1205 2822 Eudocia
1227 2777 1253 2821 s.
1276 2778 1305 2821 v.
1329 2750 1485 2828 Πανύασις.

338 2880 485 2950 Πανύασις
535 2878 732 2964 Πολυάρχου,
785 2874 913 2964 ΙΛλικαρ·
1009 2878 1174 2960 Πανύασις,
1213 2879 1410 2965 Πολυάρχου,
1450 2872 1585 2961 (Λλυιαρ-

294 2981 431 3056 νασσεός,
466 2983 681 3065 τερατοσκόπος
715 2983 765 3044 καὶ
793 2984 915 3066 ποιητὴς
965 2983 1102 3062 νασσευς,
1132 2983 1254 3066 ποιητὴς
1284 2981 1364 3046 ἐπῶν
1393 2983 1443 3044 καὶ
1469 3003 1586 3066 τερατο-

296 3087 390 3163 ἐπῶν,
421 3076 454 3156 ὃς
482 3086 657 3170 σβεσδεῖσαν
683 3086 735 3166 τὴν
764 3087 938 3172 ποιητικὴνΙ
968 3087 1087 3155 σκόπος.
1116 3077 1150 3156 ὃς
1169 3087 1342 3171 σβεσδεῖσαν
1364 3087 1415 3167 τὴν
1434 3085 1585 3166 ποιητικὴν

295 3189 488 3271 ἐπανήγαγεν.
522 3187 628 3270 Δοῶρις
651 3187 684 3249 δὲ
703 3186 862 3257 Διοκλέους
883 3210 915 3250 τε
968 3189 1143 3272 ἐπανήγαγε.

295 3294 389 3355 παῖδα
411 3289 559 3376 ἀνέγραψε
582 3291 631 3352 καλ
652 3287 773 3374 Σάμιον·
804 3290 915 3374 ὁμοίως

297 3395 332 3458 δὲ
347 3395 397 3456 καὶ
408 3387 576 3478 Ἡρόδοτος
595 3391 729 3478 Θοόριον.
751 3386 917 3477 Ἱστόρηται

201 3517 203 3522 ·
297 3497 332 3562 δέ
350 3497 499 3566 Πανύασις
513 3493 681 3578 Ἡροδότου
703 3496 755 3560 τοῦ
773 3495 917 3579 ἱστορικοῦ

221 3589 223 3594 ’
298 3599 470 3684 ἐξάδελφος.
526 3596 630 3680 γέγονε
668 3599 724 3682 γὰρ
769 3597 918 3669 Πανύασις

298 3700 493 3786 Πολυάρχου,
522 3703 537 3765 ό
567 3703 600 3765 δὲ
623 3694 790 3784 Ἡρόδοτος
812 3702 916 3779 Λόξου,

269 3801 272 3806 ’
298 3803 350 3867 τοῦ
382 3802 562 3889 Πολυάρχου
593 3805 737 3890 ἀδελφοῦ.
781 3805 854 3874 τινὲς
884 3806 917 3868 δὲ

299 3906 334 3970 οὔ
357 3906 468 3990 ΛόΕην,
497 3907 575 3970 ἀλλὰ
592 3899 701 3985 Ῥοιώ,
731 3909 782 3990 τὴν
806 3907 919 3992 μητέρα

293 4004 477 4093 Ἡροδότου,
496 4009 680 4082 Ποινυάσιδος
695 4011 829 4096 ἀδελφὴν
848 4009 919 4074 ἱστό-

301 4135 406 4195 ρησαν.
434 4107 472 4175 Ὃ
496 4113 529 4176 δὲ
548 4112 698 4183 Πανύασις
718 4111 822 4196 γέγονε
844 4113 920 4175 κατὰ

299 4217 352 4297 τ’ρν
382 4210 432 4298 ons
453 4216 628 4298 ὀλυμπιάδα.
671 4217 747 4280 κατὰ
778 4215 811 4280 δέ
843 4238 921 4284 τινας

299 4320 405 4404 πολλῷ
427 4319 632 4406 πρεσβύτερος·
662 4321 712 4383 καὶ
737 4319 793 4403 γὰρ
815 4313 850 4401 ἦν
873 4318 920 4382 ἐπὶ
1014 4317 1123 4399 Γέγονε
1132 4318 1265 4400 κατάτὴν
1275 4312 1317 4401 cn'
1331 4317 1507 4400 ὀλυμπιάδα,
1515 4314 1591 4378 κατὰ

300 4423 359 4484 τῶν
392 4419 555 4505 Περσικῶν.
610 4420 762 4506 Ἀνγγρέδη
796 4422 830 4484 δὲ
864 4421 919 4484 ὑπδ
973 4421 1006 4488 δέ
1021 4445 1099 4492 τινας
1115 4421 1162 4486 ἐπὶ
1179 4420 1236 4484 τῶν
1253 4419 1415 4503 Περσικῶν.
1439 4416 1590 4503 Ἀνγγρέθη

301 4523 486 4606 Λυγδάμιδος
507 4525 559 4588 τοῶ
576 4525 672 4616 τρίτου
689 4524 921 4609 τυραννήσαντος
973 4525 1029 4588 ὑπὸ
1045 4525 1229 4606 Λυγδάμιδος
1248 4524 1345 4606 τρίτου
1362 4521 1592 4604 τυραννήσαντος
