3604 5288
771 322 982 386 ..55-

232 492 491 574 quattuordecim
511 493 629 559 Suidas
648 496 761 558 auctor
783 497 841 558 est.
875 493 973 574 Apud
995 492 1167 573 scriptores
1189 493 1271 557 liber
1288 495 1411 574 primus
1426 493 1486 572 bis,
1498 493 1522 577 1)

232 595 345 660 tertius
383 594 485 680 bis,²)
518 597 708 661 undecimus
747 593 881 678 semel³)
919 595 1115 660 nominatur.
1177 596 1352 675 Quomodo
1386 598 1523 661 materia

233 698 405 763 distributa
426 699 531 777 fuerit,
553 700 725 764 nescimus.
758 698 867 762 Unum
889 698 952 763 hoc
975 697 1092 762 scimus
1113 698 1147 762 in
1165 698 1271 779 primo
1290 699 1372 764 libro
1391 704 1524 765 narrata

227 821 316 878 esse,
334 820 418 882 quae
437 801 480 865 ad
496 802 625 867 leonem
644 800 878 884 Nemeaeum⁴)
897 804 930 864 et
947 801 989 864 ad
1001 800 1061 865 iter
1075 801 1248 881 pertinent,
1265 802 1353 883 quod
1369 802 1524 866 Hercules

235 905 353 986 poculo
375 924 434 985 per
456 905 560 969 maria
577 908 688 969 vectus
710 905 754 970 ad
775 905 914 969 insulam
935 903 1100 985 Erythiam
1122 904 1237 968 fecisse
1258 904 1382 970 dicitur.
1390 904 1416 989 ⁵)
1450 905 1524 983 Quo

232 1007 476 1077 iure-Clemens
496 1005 770 1086 Alexandrinusss)
797 1007 978 1090 Panyassin
999 1006 1163 1072 insimulet
1185 1027 1203 1071 e
1226 1007 1399 1090 Creophyli
1422 1009 1523 1074 Samii

233 1110 393 1185 Heraclea
415 1110 589 1175 Oechaliae
612 1113 885 1192 expugnationem
908 1111 1150 1191 deprompsisse
1171 1110 1343 1176 nescimus.

317 1212 486 1294 Reliquiae
504 1214 654 1278 carminis
665 1233 733 1278 non
746 1218 858 1279 tantae
872 1217 957 1290 sunt,
974 1216 1113 1295 quantas
1128 1213 1198 1277 fore
1213 1232 1273 1294 pro
1287 1217 1406 1294 poetae
1421 1215 1523 1278 nostri

233 1316 322 1382 fama
343 1315 460 1398 insigni
488 1321 722 1398 exspectamus,
748 1317 808 1382 etsi
835 1337 998 1392 versuum,
1025 1316 1209 1394 verborum,
1235 1337 1344 1381 rerum
1369 1336 1524 1382 numerus

232 1438 292 1500 per
313 1439 349 1483 se
371 1419 460 1484 haud
482 1439 601 1500 parvus
624 1423 771 1484 servatus
794 1423 852 1484 est.
886 1418 1055 1500 Ampliora
1077 1419 1258 1501 fragmenta
1281 1418 1422 1500 quinque
1439 1424 1523 1496 sunt,

233 1541 372 1603 quorum
387 1523 566 1587 maximum
572 1520 599 1605 7)
611 1542 724 1587 versus
738 1522 788 1600 19,
801 1523 981 1587 secundum
987 1520 1014 1606 8)
1031 1523 1079 1599 15,
1096 1520 1260 1607 tertium9)
1273 1525 1305 1585 et
1321 1525 1472 1602 quartum
1482 1519 1524 1606 10)

233 1625 365 1707 quinos,
388 1624 609 1709 minimum¹¹)
639 1629 793 1706 quattuor
826 1625 978 1689 continet.
1034 1625 1081 1688 Ex
1108 1625 1159 1688 his
1180 1625 1243 1689 tria
1272 1625 1305 1688 in
1334 1624 1400 1687 vini
1428 1625 1525 1690 laude

234 1733 415 1806 versantur,
432 1728 522 1794 cuius
538 1728 672 1793 virtutes
692 1729 829 1793 efferens
846 1732 955 1808 poeta,
975 1746 1049 1792 curn
1068 1727 1202 1791 bibendi
1221 1727 1413 1809 magistrum
1428 1747 1525 1808 prae-

234 1832 329 1909 dicet,
344 1836 456 1897 tamen
472 1852 514 1896 ne
531 1832 564 1896 in
582 1831 726 1896 bibendo
745 1831 864 1895 modus
882 1831 1066 1908 excedatur,
1089 1830 1219 1911 saepius
1236 1831 1401 1895 admonet.
1434 1829 1524 1894 Reli-

234 1953 373 2014 quorum
386 1934 487 1998 altero
497 1933 538 2016 11)
552 1937 767 2012 enumeratur,
782 1935 837 2016 qui
849 1935 1016 1999 deorume
1032 1953 1169 1998 numero
1187 1933 1221 1998 in
1237 1933 1391 1998 servitute
1407 1934 1525 1998 fuerint

237 2035 370 2099 domino
403 2035 533 2099 mortali
565 2036 717 2112 subiecti,
755 2037 894 2105 alterum
926 2037 1112 2101 nominibus
1146 2040 1274 2101 scatens
1308 2037 1349 2100 de
1382 2037 1525 2102 Tremilo

236 2138 366 2219 gigante
388 2138 521 2220 eiusque
543 2158 642 2202 uxore
666 2142 698 2203 et
721 2137 794 2202 filiis
818 2137 924 2222 est.¹⁰)

321 2241 411 2305 Haec
433 2241 615 2322 fragmenta
637 2243 796 2321 quantum
822 2241 971 2307 videmus
999 2247 1133 2324 poetam
1160 2242 1304 2306 indicant
1329 2241 1419 2305 haud
1447 2261 1524 2306 oon-

236 2343 460 2421 temnendum,
482 2343 600 2425 ingenii
622 2344 732 2424 magni
754 2347 787 2408 et
808 2345 933 2422 alacris,
956 2341 1378 2428 imaginihusexpressis12)
1402 2348 1527 2409 etcum

236 2465 344 2510 rerum
365 2447 521 2512 varietate
544 2446 685 2528 quadam
709 2447 878 2529 descriptis
888 2445 929 2530 13)
952 2448 1126 2530 insignem,
1154 2449 1188 2512 in
1218 2467 1371 2512 versuum
1399 2452 1431 2513 et
1453 2469 1525 2512 ver-

235 2549 354 2612 bomm
376 2549 611 2630 compositione
633 2549 753 2630 pariter
776 2550 986 2615 artificiosum
1014 2556 1111 2634 atque
1139 2552 1244 2615 levem
1274 2555 1305 2615 et
1335 2551 1526 2634 elegantem,

237 2651 369 2716 omnino
393 2652 471 2716 artis
494 2652 563 2715 sine
585 2652 706 2716 laboris
729 2654 836 2733 specie
859 2653 1104 2737 studiosum.¹⁴)

322 2806 346 2874 ¹)
377 2809 410 2861 cl.
428 2807 522 2860 Tzsch.
540 2807 572 2859 fr.
590 2807 607 2859 7
625 2811 651 2860 et
669 2808 693 2858 7.

321 2891 640 2960 ᾙΠΜΜΜἏ

321 2975 347 3046 ³)
374 2977 442 3031 Ibid.
461 2978 510 3045 lrg.
529 2977 570 3030 31.

321 3061 344 3131 4)
372 3063 439 3117 lbid.
458 3064 507 3131 irg.
526 3063 551 3116 A.
569 3063 593 3116 3.

322 3149 344 3213 5)
371 3148 438 3202 Ibid.
456 3150 506 3218 fig.
525 3150 549 3203 7.

283 3231 285 3235 ’
321 3233 344 3300 6)
372 3235 470 3289 Strom.
490 3235 535 3289 Vl.
556 3235 644 3290 215.
681 3235 826 3295 αὐτοτελῶς
850 3236 897 3304 γὰρ
922 3235 955 3288 τὰ
973 3237 1066 3306 ἑτέρων
1086 3235 1237 3304 ὑφελόμενοι
1259 3236 1294 3295 ὡς
1314 3234 1364 3288 tta
1384 3233 1529 3305 ίξῆνεγκαν,

235 3318 351 3389 reddum
376 3316 504 3392 Εὐγάμων
527 3320 541 3374 ὁ
565 3317 712 3392 Κυρηναῖος
736 3322 765 3375 ίκ
787 3318 920 3376 Μουσαίου
942 3321 971 3375 τὸ
994 3323 1051 3393 περὶ
1075 3320 1236 3392 Θεσπρωτῶν
1262 3320 1357 3391 βιβλίον
1377 3319 1529 3390 ὁλόκληρον,

235 3405 278 3458 καί
296 3401 448 3476 Πιίσανδρος
466 3403 608 3479 Καμειρτὺς
626 3405 729 3462 Πισίνου
746 3409 792 3460 τοῦ
810 3405 914 3461 Λινδίου
932 3410 979 3476 τῆν
992 3404 1162 3477 ιΗράοτλιιαν,
1187 3404 1314 3466 Πανύασίς
1332 3426 1359 3460 τι
1378 3406 1391 3460 ὁ
1407 3404 1529 3476 'Almop-

235 3491 341 3550 νασσιὺς
359 3487 519 3563 Κρεωφύλου
536 3497 581 3546 τοῦ
600 3492 699 3561 Σαμίου
716 3496 764 3564 τὴν
783 3489 909 3565 Οἰχαλίας
927 3490 1030 3548 ἅλωσιν.

323 3575 345 3644 ⁷)
371 3578 452 3646 Apud
469 3578 609 3633 Tzschim.
627 3581 676 3648 frg.
697 3581 738 3634 17.
755 3597 781 3648 p.
798 3580 841 3636 53.
859 3580 901 3634 51.

321 3661 344 3731 8)
371 3663 439 3717 Ibid.
456 3664 507 3732 irg.
526 3665 568 3718 10.
595 3683 621 3732 p.
640 3666 681 3718 56.
699 3666 741 3718 57.

320 3749 345 3818 ⁹)
372 3750 440 3803 Ibid.
460 3750 508 3820 frg.
529 3752 569 3804 18.
596 3768 622 3819 p.
641 3752 683 3803 55.

310 3834 344 3903 ¹⁰)
371 3835 439 3890 Ibid.
457 3837 506 3905 irg.
526 3838 566 3890 15.
593 3853 619 3905 p.
638 3838 681 3890 51.

311 3920 344 3987 ll)
369 3921 438 3976 Ibid.
457 3923 506 3990 irg.
525 3923 566 3976 77.
593 3940 619 3991 p.
638 3923 680 3976 63.

310 4004 345 4072 ¹²)
371 4008 419 4074 frg.
440 4008 480 4060 17.
508 4025 532 4060 v.
551 4009 628 4074 a-8‚
649 4009 758 4073 1a-16,
780 4008 820 4061 18.
840 4008 880 4061 19.
898 4035 932 4046 -
953 4005 987 4075 ¹³)
1015 4008 1064 4075 frg.
1085 4008 1124 4061 18.
1152 4009 1201 4076 frg.
1222 4010 1262 4062 17.
1283 4009 1392 4062 ill-16.
1421 4011 1470 4077 lrg.
1488 4009 1531 4061 77.

305 4088 345 4158 ,14)
373 4091 466 4160 Longe
484 4094 626 4160 aptissimi,
652 4094 699 4164 qui
721 4095 759 4148 rei
782 4095 945 4148 documento
963 4092 1030 4157 sint,
1052 4093 1081 4147 hi
1099 4110 1193 4148 versus
1217 4095 1297 4148 nobis
1316 4094 1440 4148 videntur
1457 4111 1529 4149 esse:

239 4175 320 4230 Clem.
338 4177 414 4230 Alex.
432 4177 519 4231 Protr.
536 4177 569 4232 II.
587 4181 629 4234 35.
664 4181 745 4248 Apud
763 4178 969 4234 Tzschimerum
987 4179 1036 4246 lrg.
1055 4179 1096 4232 77.
1114 4196 1140 4246 p.
1159 4180 1202 4233 63.

563 4262 618 4334 Τλῆ
639 4266 685 4331 μὲν
703 4263 839 4337 Δημήτηρ,
857 4264 905 4334 τλῆ
926 4265 953 4317 δὲ
971 4263 1061 4324 κλυτὸς
1076 4260 1253 4334 Ἀμριγυῆιιτ,

494 4349 541 4419 τλῆ
562 4350 588 4402 δὲ
607 4348 762 4417 Ποσειδάων,
781 4353 829 4421 τλῆ
849 4349 1048 4423 δ’ἀργυρυτόξος
1066 4346 1201 4402 Ἀπόλλων

493 4435 565 4506 ἀνδρί
583 4437 652 4504 παρὰ
670 4436 758 4509 θνητῷ
779 4436 921 4508 inreritum
941 4437 974 4496 είς
993 4437 1115 4490 ίνιαυτίιν·

493 4522 541 4592 τλῆ
561 4522 588 4575 δὲ
606 4522 651 4575 καί
669 4521 864 4594 ὀμβριμίθυμος
877 4520 957 4593 Ἀρητ
976 4521 1023 4576 ὑπὸ
1041 4522 1136 4590 πατρὸς
1154 4521 1262 4593 ἀνάγκη.

1269 4607 1286 4658 5
