3604 5288
866 252 1075 315 „50-

326 425 462 491 Suidam
487 427 661 506 propterea
688 421 902 502 philosophus
930 421 1125 499 nominatm,
1150 422 1238 503 quod
1262 421 1346 485 illius
1369 424 1481 486 auctor
1504 423 1622 501 poetas

327 548 366 593 ac
388 527 561 609 scriptores
584 526 617 590 in
639 544 758 606 genera
781 524 977 589 distribuens
1000 525 1201 590 somniorum
1224 524 1396 605 scriptores
1416 523 1622 605 philosophis

326 630 562 696 adnumeravit.

412 733 459 797 Ex
476 732 525 809 iis,
543 751 626 813 qnae
643 731 751 796 adhuc
763 729 1002 812 explicavimus,
1013 731 1220 812 perspicuum
1232 735 1281 796 est
1292 729 1500 812 Panyassidis
1508 729 1621 806 vitam,

326 857 410 919 quae
422 835 510 918 apud
522 834 658 900 Suidam
669 837 784 910 exstat,
802 853 820 897 e
837 834 1047 915 scriptoribus
1064 835 1192 899 duobus
1210 834 1427 916 conscriptam
1443 851 1524 908 esse,
1537 850 1620 912 quo-

325 961 399 1006 rum
416 940 498 1004 alter
509 937 687 1020 Panyassin
705 955 816 1014 unum,
836 934 919 1000 alter
937 936 1019 1000 duos
1040 937 1217 1002 tradiderit.
1256 936 1319 1015 Qui
1341 937 1428 1001 enim
1441 934 1622 1016 Panyassin

327 1043 454 1125 epicum
478 1043 520 1107 de
542 1040 676 1105 somniis
698 1039 817 1103 libmm
840 1039 1007 1120 scripsisse
1035 1044 1068 1104 et
1088 1043 1306 1122 τερατοσκόπων
1329 1039 1429 1104 tuisse
1452 1037 1546 1115 dixit,
1579 1037 1621 1102 de

324 1145 524 1232 Panyasside
554 1144 656 1208 altero
683 1142 764 1206 nihil
790 1141 933 1206 tradidit.
984 1143 1092 1224 Atque
1121 1143 1187 1208 iam
1215 1162 1314 1224 supra
1335 1141 1551 1207 intelleximus
1581 1160 1622 1204 ex

326 1248 390 1312 alio
408 1247 564 1328 scriptore
583 1248 714 1326 sumpta
733 1264 805 1310 esse
824 1245 945 1310 Suidae
964 1248 1064 1312 verba
1082 1249 1186 1330 γέγονε
1204 1249 1280 1312 κατὰ
1298 1250 1348 1331 τὴν
1368 1243 1415 1331 οη’
1439 1248 1621 1330 ὀλυμπιάδα·

325 1353 401 1416 κατὰ
429 1351 462 1416 δέ
490 1374 567 1421 τινας
595 1351 700 1435 πολλῷ
727 1350 934 1436 πρεσβύτερος,
963 1370 1003 1414 ex
1030 1351 1094 1415 alio
1122 1350 1223 1416 verba
1249 1346 1285 1436 ἦν
1308 1351 1355 1415 ἐπὶ
1377 1351 1435 1414 τῶν
1457 1349 1621 1432 Περσικῶν,

325 1474 410 1536 quae
433 1473 507 1518 cum
529 1453 581 1534 ad¹
594 1452 649 1517 illa
669 1472 738 1517 non
761 1452 936 1534 quadrent,
966 1454 996 1517 ei
1025 1454 1202 1518 attribuere
1231 1453 1300 1517 sine
1328 1452 1427 1516 dubio
1451 1451 1620 1528 debemus,

325 1558 381 1639 qui
408 1557 491 1622 duos
513 1555 728 1638 Panyassides
755 1555 888 1619 tradens
920 1556 1002 1639 epici
1033 1559 1176 1621 aetatem
1205 1576 1273 1620 non
1301 1555 1458 1620 incertam
1480 1553 1620 1635 reliquit.

324 1660 382 1724 Illa
398 1660 485 1723 enim
501 1659 544 1722 ad
559 1663 689 1741 tempus
705 1656 813 1722 natale
826 1662 984 1738 spectant,
1003 1679 1072 1723 non
1089 1660 1131 1723 ad
1150 1659 1265 1723 aetatis
1281 1659 1405 1735 florem,
1424 1677 1521 1739 quem
1537 1657 1621 1721 baec

325 1762 515 1844 significant.
556 1759 618 1838 Qui
640 1760 735 1842 igitur
758 1760 840 1824 duos
863 1760 1078 1842 Panyassides
1100 1761 1244 1839 tradidit,
1267 1781 1306 1826 ex
1329 1781 1368 1825 eo
1392 1764 1522 1842 sumpta
1544 1763 1621 1824 sunt

325 1866 425 1930 verba
452 1852 488 1949 ἦν
517 1867 564 1929 ἐπὶ
592 1869 650 1928 τῶν
674 1863 828 1948 Περσικῶν
859 1867 891 1926 et
919 1881 1003 1943 quae
1026 1864 1068 1927 de
1090 1865 1287 1946 Panyasside
1314 1865 1440 1929 minore
1462 1863 1620 1928 feruntur.

324 1969 377 2033 Ad
395 1967 532 2032 alterum
549 1967 738 2048 scriptorem
754 1966 891 2031 redeunt
907 1966 1021 2031 verba:
1047 1965 1078 2049 1)
1095 1970 1309 2052 τερατοσκόπος
1325 1971 1374 2032 καὶ
1390 1970 1512 2052 ποιητὴς
1529 1969 1620 2044 ἐπῶν,

324 2071 358 2155 2)
389 2073 405 2136 ό
429 2073 462 2136 δὲ
484 2071 632 2142 Πανύασις
654 2070 764 2153 ,γέγονε
786 2072 862 2134 κατὰ
882 2073 935 2155 τὴν
959 2073 1009 2153 οη’
1040 2072 1215 2155 ὀλυμπιάδα·
1247 2073 1323 2136 κατὰ
1354 2071 1387 2136 δέ
1414 2095 1492 2142 τινας
1513 2071 1620 2156 πολλῷ

324 2175 531 2262 πρεσβύτερος,
555 2173 588 2258 3)
611 2173 722 2260 ἔγραψε
740 2175 773 2238 δὲ
795 2175 846 2237 καὶ
863 2167 1071 2258 Ἡρακλειόιδα
1093 2179 1126 2239 et
1148 2193 1231 2255 quae
1249 2177 1419 2255 praeterea
1435 2173 1478 2238 ad
1500 2172 1621 2254 scripta

324 2278 497 2360 pertinent.
544 2275 684 2358 Reliqua
709 2279 818 2340 utrum
846 2297 885 2340 ex
913 2277 975 2342 hoc
1005 2278 1161 2360 scriptore
1189 2297 1231 2342 an
1254 2297 1294 2342 ex
1316 2277 1370 2341 illo
1392 2280 1523 2357 sumpta
1544 2277 1619 2353 sint,

326 2382 484 2445 incertum
506 2379 725 2460 relinquimus.

410 2483 499 2546 Duos
520 2481 581 2544 bos
604 2482 776 2561 scriptores
798 2483 853 2562 qui
876 2502 1013 2563 sequens
1035 2484 1133 2547 vitam
1157 2484 1370 2566 Panyassidis,
1399 2482 1502 2564 qualis
1530 2482 1619 2564 apud

326 2584 461 2650 Suidam
484 2588 598 2661 exstat,
622 2585 813 2665 composuit,
836 2585 1060 2667 neglegentem
1079 2607 1113 2650 se
1130 2588 1266 2667 praebet
1285 2606 1323 2651 ac
1340 2606 1456 2669 parum
1476 2587 1618 2650 doctum.

325 2688 431 2769 Supra
452 2687 538 2751 enim
555 2687 855 2766 demonstravimus,
882 2707 980 2769 quarn
1003 2688 1114 2771 inepta
1134 2691 1234 2754 verba
1256 2692 1307 2755 καί
1328 2693 1382 2774 γάρ
1405 2690 1478 2767 sint,
1502 2688 1619 2770 quibus

323 2791 424 2856 verba
448 2787 483 2875 ἦν
506 2792 633 2856 ἐπὶτῶν
655 2792 809 2876 Περσικῶν
833 2792 875 2856 ad
899 2812 939 2857 ea
965 2805 1049 2873 quae
1070 2793 1267 2858 antecedunt
1295 2792 1520 2874 adiungantur.
1569 2792 1619 2856 Ac

323 2895 418 2958 simul
446 2893 601 2971 vidimus,
632 2895 688 2975 qui
716 2895 826 2975 inepta
853 2895 907 2959 illa
933 2897 1033 2959 verba
1060 2897 1199 2974 addidit,
1232 2916 1305 2960 eum
1335 2897 1488 2973 nescisse,
1518 2914 1618 2976 quam

323 2999 541 3080 olympiadem
559 2998 660 3061 verba
675 2999 721 3061 ἐπὶ
740 3000 799 3063 τῶν
816 3000 968 3082 Περσικῶν
987 2999 1160 3064 declarent.
1202 2999 1274 3063 Hoc
1292 2999 1492 3081 ignorantiae
1512 3002 1560 3063 est
1579 3017 1618 3062 ac

322 3101 511 3166 securitatis.
534 3099 668 3163 Accedit
683 3104 802 3176 autem,
821 3101 909 3181 quod
920 3101 1142 3182 neglegentiae
1158 3103 1207 3166 sit.
1233 3102 1390 3167 Omittere
1407 3102 1493 3168 enim
1505 3102 1618 3166 debuit

322 3207 397 3285 post
413 3203 513 3268 verba
530 3202 642 3289 ἔγραψε
659 3204 693 3268 δέ
709 3203 903 3268 vocabulum
922 3206 981 3282 καί,
998 3205 1053 3285 qui
1071 3203 1189 3268 librum
1209 3205 1409 3270 somniorum
1425 3205 1618 3288 -Panyassidi

322 3307 439 3371 minori
462 3306 706 3370 attribuendum
728 3307 952 3387 praetermisit.
983 3307 1091 3387 Atque
1113 3307 1198 3371 idern
1218 3308 1330 3372 debuit
1347 3309 1483 3372 verbum
1498 3333 1617 3392 τερατο-

322 3411 431 3482 σκόπος
460 3409 623 3487 omittere,
661 3409 850 3490 praesertim
881 3429 955 3474 cum
985 3409 1054 3490 ipse
1075 3409 1262 3492 Panyassidi
1299 3411 1390 3492 epico
1418 3414 1455 3475 ut
1478 3411 1618 3476 alterum

322 3514 522 3578 somniormn
548 3513 735 3594 scriptorem
764 3511 939 3588 addiderit,
966 3531 1063 3593 quem
1080 3513 1180 3577 verbo
1207 3518 1423 3600 τερατοσκόπος
1447 3513 1617 3596 significari

321 3617 448 3681 videtur
469 3616 617 3680 nescisse.

409 3718 475 3783 Sed
509 3718 661 3798 quoniam
700 3718 828 3782 illorum
867 3716 1060 3798 scriptomm
1094 3719 1176 3783 alter
1208 3718 1384 3801 Panyassin
1415 3719 1617 3785 somniorum

321 3820 509 3902 scriptorem
542 3839 615 3885 curn
644 3821 736 3901 epico
767 3820 945 3898 coniunxit,
979 3820 1061 3885 alter
1093 3841 1160 3886 non
1189 3821 1277 3899 item,
1311 3825 1532 3904 quaerendum
1556 3826 1616 3900 est,

322 3927 428 3988 utrum
459 3922 550 4004 sequi
579 3923 765 3987 debeamus.
818 3923 909 4001 Quae
939 3944 990 3988 res
1020 3925 1090 3989 solo
1118 3925 1219 3989 verbo
1249 3930 1393 4006 νεώτερος
1422 3928 1499 3992 satis
1528 3930 1616 3992 certe

321 4027 461 4090 iudicata
483 4029 576 4104 esset,
600 4027 660 4090 nisi
684 4026 786 4091 altera
802 4027 949 4108 quaestio
968 4028 1146 4105 accederet,
1172 4046 1314 4109 quanam
1337 4029 1377 4092 de
1394 4048 1490 4093 causa
1507 4031 1615 4112 Pany-

320 4128 398 4192 assis
432 4130 540 4209 apicus
574 4148 648 4194 cum
684 4128 882 4193 somniorum
910 4129 1065 4211 scriptore
1093 4130 1284 4196 coniunctus
1311 4131 1360 4195 sit.
1405 4132 1617 4213 Neglegentia

320 4231 452 4312 quidem
482 4232 604 4297 confusi
634 4232 679 4295 illi
708 4252 774 4297 non
802 4232 960 4296 videntur.
1015 4232 1146 4315 Neglegi
1180 4234 1266 4299 enim
1294 4235 1430 4299 verbum
1460 4239 1616 4320 νεώτερος,

320 4354 385 4416 quo
415 4334 614 4416 apertissime
642 4335 887 4417 distinguantur,
916 4354 984 4398 non
1011 4337 1125 4416 potuit.
1170 4337 1278 4418 Atque
1309 4337 1436 4402 etiamsi
1460 4337 1617 4418 scriptum

318 4457 387 4502 non
416 4437 521 4518 ipsum
543 4438 719 4519 legebatur,
741 4440 853 4501 tamen
875 4441 1020 4502 aetatum
1042 4439 1216 4504 discrimen
1237 4440 1363 4522 neglegi
1386 4459 1453 4504 non
1474 4443 1616 4520 poterat,
