3604 5288
890 301 1101 366 -4ρ..

350 491 486 536 1111111919
518 473 596 552 quin
631 472 694 536 hoc
728 473 800 536 loco
835 473 975 538 Choerili
1009 477 1101 538 aetas
1135 475 1304 554 quondam
1336 474 1516 556 significata
1548 475 1642 540 fuerit

350 595 447 638 nemo
475 575 646 653 dubitabit,
675 595 748 638 cum
775 575 818 639 ad
845 580 988 641 aetatem
1014 576 1260 658 significandam
1281 578 1383 642 verba
1404 577 1542 660 γενέσθαι
1568 582 1641 642 κατὰ

350 679 499 742 Πανόαοιν
515 687 575 750 τοῖς
591 679 708 765 χρόνοις
724 697 791 743 11911
807 679 979 744 sufficiant.
1011 679 1225 761 Neglegentes
1241 680 1337 761 igitur
1352 680 1642 764 ν911111111γ9νέσ1οιι

348 781 522 845 verborum
552 783 628 845 κατὰ
657 783 806 848 Πανόασιν
835 791 895 854 τοῖς
924 784 1042 868 χρόνοις
1070 782 1215 846 solorum
1242 783 1403 848 rationem
1431 782 1601 861 habemus,
1624 805 1641 848 e

349 884 467 965 quibus
489 884 569 947 nihil
591 884 730 966 amplius
751 886 958 967 perspicuum
982 889 1030 950 est
1052 885 1115 949 nisi
1137 884 1323 950 Choerilum
1348 885 1410 950 dici
1434 885 1641 968 Panyassidis

348 987 530 1067 aequalem.
580 986 642 1051 Hie
668 991 779 1052 utrum
799 1008 860 1070 par
883 992 991 1053 aetate
1013 1009 1056 1053 an
1078 988 1191 1069 dispar
1212 989 1318 1065 fuerit,
1338 990 1440 1054 verba
1459 1009 1519 1070 per
1538 1009 1573 1054 se
1591 989 1640 1053 in-

349 1094 473 1154 certum
500 1089 701 1171 relinquunt,
736 1111 925 1173 quanquam
953 1111 1109 1172 magnum
1137 1091 1255 1156 aetatis
1284 1092 1458 1157 discrimen
1487 1111 1555 1157 non
1582 1093 1641 1156 ad·

349 1193 495 1270 mittunt,
528 1193 720 1273 praesertim
750 1212 824 1257 cum
858 1195 892 1257 in
921 1194 1042 1259 Suidae
1071 1194 1145 1258 vitis
1178 1199 1270 1259 aetas
1303 1194 1410 1258 minor
1450 1198 1506 1259 aut
1538 1195 1643 1260 maior

347 1295 456 1359 verbis
478 1299 632 1380 νεώτερος,
654 1297 864 1384 πρεσβύτερος,
884 1299 941 1384 πρό
964 1322 1048 1380 τινος,
1072 1300 1146 1380 μετά
1165 1322 1227 1362 τινα
1248 1307 1309 1370 τοῖς
1330 1299 1448 1384 χρόνοις
1471 1297 1642 1379 significari

348 1398 462 1462 soleat.

433 1501 589 1568 Attamen
623 1522 663 1566 ex
694 1503 757 1567 illis
790 1503 898 1566 verbis
932 1503 973 1567 de
1001 1503 1210 1585 Panyassidis
1243 1508 1351 1569 aetate
1382 1503 1504 1586 aliquid
1537 1504 1642 1585 colligi

347 1608 467 1685 potest,
494 1605 522 1669 si
544 1606 674 1684 scimuS,
698 1625 782 1687 quae
804 1605 901 1670 tuerit
923 1604 1065 1670 Choerili
1087 1610 1188 1672 aetas
1233 1608 1263 1671 ls
1286 1627 1352 1689 quo
1374 1611 1523 1688 tempore
1545 1610 1641 1671 natus

348 1709 399 1786 sit,
422 1727 489 1773 non
512 1709 623 1773 fertur.
666 1709 765 1790 Apud
787 1708 982 1774 Archelaum
1012 1729 1123 1791 regern
1145 1713 1521 1774 commorans-mortem
1551 1710 1641 1775 obiit.

310 1881 311 1885 ,
348 1794 435 1888 Quid
464 1815 637 1892 praeterea
667 1812 708 1875 de
739 1811 808 1875 eius
831 1814 939 1876 aetate
963 1816 1102 1889 constet,
1125 1813 1192 1876 iam
1214 1832 1314 1893 supra
1342 1812 1490 1876 diximus
1534 1812 1640 1876 Hero-

347 1916 437 1991 doto,
468 1915 557 1979 cuius
589 1935 682 1979 amor
704 1914 804 1978 fuisse
834 1917 866 1978 et
898 1914 1074 1996 discipulus
1105 1915 1244 1993 dicatur,
1274 1919 1382 1980 aetate
1411 1916 1471 1980 fuit
1497 1915 1640 1979 inferior.

348 2017 549 2098 Olympiadis
572 2021 681 2082 autem
704 2018 747 2081 94
772 2017 864 2081 initio
895 2017 988 2082 annis
1018 2017 1084 2080 iam
1112 2018 1278 2082 confectus
1305 2019 1405 2083 fuisse
1432 2038 1500 2082 non
1521 2022 1640 2099 potest,

347 2141 421 2184 911111
443 2120 506 2184 hoc
528 2120 596 2185 fere
618 2124 769 2202 tempore
790 2123 827 2184 ut
847 2119 1004 2202 Lysandri
1026 2120 1172 2184 facinora
1194 2120 1391 2185 carminibus
1416 2122 1546 2185 efferret
1572 2121 1641 2186 eius

347 2243 478 2304 semper
501 2243 610 2288 comes
632 2224 728 2288 fuerit
752 2227 784 2288 et
805 2223 916 2305 paullo
946 2226 1022 2303 post
1051 2223 1085 2286 in
1106 2223 1332 2288 Macedoniam
1362 2244 1398 2289 se
1428 2223 1640 2307 contulerit.¹)

346 2326 430 2390 Hinc
449 2327 528 2390 satis
547 2331 693 2409 apparet,
717 2346 782 2407 quo
801 2326 869 2390 1919
887 2330 1035 2406 tempore
1057 2325 1227 2390 Choerilus
1248 2329 1345 2392 natus
1368 2327 1418 2391 sit.
1454 2326 1537 2391 Cum
1555 2327 1641 2391 enim

346 2428 506 2492 Herodoti
527 2432 656 2510 tempus
678 2428 788 2493 natale
811 2429 898 2509 apud
919 2431 1047 2492 veteres
1069 2428 1103 2491 in
1124 2428 1225 2492 9174
1246 2429 1373 2509 positus
1396 2431 1448 2508 sit,
1471 2429 1640 2495 Choerilus

347 2534 381 2594 ut
394 2531 553 2595 Herodoti
570 2531 743 2612 discipulus
760 2531 926 2612 aliquanto
941 2534 1017 2611 post
1035 2551 1108 2594 eam
1119 2534 1216 2602 natus
1229 2532 1394 2612 putandus
1407 2536 1464 2597 est.
1489 2532 1557 2596 Nec
1567 2533 1640 2613 plus

347 2633 552 2714 septuaginta
563 2652 724 2698 annorum
742 2653 842 2698 senex
858 2633 957 2698 fuisse
973 2637 1092 2715 potest,
1112 2653 1186 2698 cum
1202 2638 1342 2698 mortem
1358 2635 1472 2714 obiret,
1485 2636 1638 2716 quoniam

346 2755 413 2800 non
429 2736 532 2800 multo
548 2739 624 2799 ante
642 2755 715 2799 eam
726 2735 891 2817 Lysandro
909 2755 944 2799 se
958 2736 1111 2801 comitem
1126 2736 1281 2801 adiunxit.
1310 2738 1424 2820 ltaque
1435 2739 1586 2816 Naekius,
1605 2744 1640 2803 ut

346 2839 444 2920 pleno
457 2857 593 2903 numero
604 2842 758 2916 uteretur,
770 2829 975 2920 septuaginta
990 2858 1149 2903 annorum
1164 2859 1277 2904 senem
1289 2860 1363 2905 eum
1375 2844 1514 2905 mortem
1531 2843 1640 2907 obisse

347 2945 493 3006 statuens
524 2961 648 3006 annum
673 2941 818 3005 natalem
848 2941 881 3004 in
912 2941 953 3006 ol.
978 2942 1019 3006 77
1049 2942 1172 3024 posuit,
1204 2943 1293 3024 quod
1325 2946 1469 3026 tempus,
1500 2949 1536 3009 ut
1567 2965 1640 3009 cum

347 3045 498 3109 omnihus
521 3045 563 3108 de
586 3043 726 3108 Choerili
748 3031 856 3108 aetate
878 3044 1072 3108 testimoniis
1095 3046 1259 3123 convenit,
1291 3065 1311 3110 a
1338 3066 1415 3110 vero
1438 3066 1506 3111 non
1527 3047 1640 3129 procul

347 3149 450 3211 abest.
488 3147 557 3210 lam
580 3147 677 3222 enim,
700 3146 751 3209 cui
774 3144 949 3226 olympiadi
971 3149 1067 3210 natus
1092 3131 1261 3219 Choerilus
1284 3149 1443 3230 ascriptus
1466 3150 1517 3228 sit,
1539 3152 1641 3214 verba

347 3252 424 3314 κατὰ
457 3250 605 3314 Πανύαοιν
643 3255 704 3319 τοῖς
741 3250 858 3333 χρόνοις
897 3249 991 3312 nobis
1027 3249 1185 3328 indicant,
1225 3251 1380 3331 quoniam
1418 3252 1548 3317 fuerunt
1586 3253 1640 3334 qui

346 3352 525 3434 Panyassin
548 3352 589 3416 ol.
614 3351 655 3414 78
683 3353 796 3414 natum
819 3350 973 3416 dicerent.
1018 3351 1126 3428 Quare
1149 3357 1286 3434 apparet
1314 3355 1514 3434 Choerilum,
1543 3376 1639 3437 quem

348 3455 432 3519 circa
454 3453 495 3518 ol.
523 3455 563 3518 77
591 3458 705 3518 natum
734 3474 806 3518 esse
831 3457 974 3536 oportet,
1004 3453 1110 3518 eidem
1137 3455 1311 3537 olympiadi
1338 3457 1439 3522 natali
1464 3460 1640 3542 ascriptum

347 3577 419 3622 esse
442 3576 480 3620 ac
501 3556 689 3638 Panyassin,
713 3557 832 3639 quippe
855 3557 910 3638 qui
933 3557 1001 3622 eius
1024 3558 1186 3645 οόγχρονος
1207 3560 1312 3624 licerit.
1346 3560 1432 3625 Nam
1454 3561 1509 3642 qui
1532 3562 1639 3644 Pany-

347 3659 445 3736 assin,
469 3660 557 3739 quod
580 3660 664 3723 circa
686 3659 728 3723 ol.
751 3660 794 3723 80
816 3663 950 3724 necatus
973 3663 1036 3738 est,
1061 3660 1237 3743 olympiadi
1260 3663 1300 3726 75
1323 3663 1494 3727 florentem
1517 3664 1639 3746 ascrip-

347 3765 467 3839 serunt,
486 3761 671 3826 Choerilum
689 3762 757 3826 eius
774 3763 944 3843 aequalem
963 3763 1025 3826 nisi
1043 3763 1151 3845 inepte
1170 3765 1277 3829 dicere
1293 3785 1361 3829 non
1380 3770 1541 3848 poterant.
1577 3767 1641 3845 Qui

347 3868 458 3928 autern
486 3864 638 3944 aequales
666 3884 722 3928 eos
751 3864 913 3942 dixerunt,
941 3865 975 3928 in
1003 3865 1242 3947 olympiadibus
1268 3868 1403 3932 diversis
1431 3869 1641 3952 paullunrque

348 3967 543 4030 distantibus
560 3986 672 4031 eorum
690 3971 841 4049 tempora
856 3967 979 4032 natalia
994 3967 1144 4048 posuisse
1161 3989 1228 4033 non
1245 3974 1376 4050 queunt.
1410 3972 1482 4037 Hoc
1505 3973 1592 4038 enim
1614 3973 1641 4037 si

217 4117 220 4126 ,
347 4070 513 4147 fecissent,
545 4071 711 4150 utriusque
741 4074 870 4151 tempus
898 4071 1008 4135 natale
1030 4072 1205 4151 oportebat
1228 4073 1433 4153 exploratum
1456 4096 1494 4139 ac
1517 4080 1640 4141 certum

348 4171 458 4249 tuisse,
480 4172 514 4235 id
536 4173 624 4253 quod
645 4192 743 4237 nemo
767 4173 827 4238 erit
848 4173 903 4253 qui
926 4172 1046 4250 credat,
1069 4174 1261 4253 praesertim
1284 4195 1357 4240 oum
1375 4177 1416 4241 de
1431 4178 1639 4260 Panyassidis

347 4278 455 4338 aetate
477 4275 635 4339 dissensio
658 4275 762 4340 fuerit.
797 4275 959 4354 Quoniam
982 4275 1077 4355 igitur
1100 4280 1229 4356 oportet
1251 4276 1361 4357 fuisse,
1384 4281 1439 4360 qui
1461 4279 1640 4362 Panyassin

436 4496 456 4563 ¹)
483 4498 517 4551 91.
532 4497 634 4562 1199119,
652 4498 669 4551 l.
689 4515 711 4552 c.
730 4515 755 4566 p.
775 4498 886 4550 11-119.
