3604 5288
714 325 926 387 -19-

173 501 250 579 post
278 498 378 562 verba
407 499 517 582 ὁμοίως
547 499 581 562 δὲ
596 500 659 561 ’καὶ
681 491 850 580 Ἡρόδοτον
873 499 922 560 τὸν
945 497 1069 581 Θούριον
1092 495 1242 559 addimus
1266 487 1298 566 ὃς
1321 497 1351 559 ἐν
1374 495 1467 581 Σάμῳ

176 603 228 686 μὲν
262 601 388 688 διέτριψε
408 603 512 688 Ιφυγὰς
544 592 596 677 dv,
629 601 663 664 ἐκ
697 602 730 664 δὲ
756 593 994 684 Ἅλιιιαρνασσοῦ
1028 599 1132 682 γέγονε
1162 599 1213 662 vel
1241 598 1345 662 simile
1379 599 1467 680 quid,

176 703 257 767 nihil
284 703 356 767 miri
383 707 439 767 aut
461 703 562 784 inepti
583 703 647 766 hoc
668 702 742 767 loco
764 702 877 767 Thurii
899 721 1080 782 cognomen
1103 701 1213 772 habet.
1257 701 1361 764 Immo
1384 721 1466 782 quo-

175 805 265 870 niam
286 810 415 887 tempus
436 805 506 882 fuit,
530 825 594 887 quo
617 805 775 869 Thurium
797 804 897 868 etiam
915 805 937 868 ii
954 805 1159 869 Herodotum
1179 804 1390 886 appellarent,
1414 805 1469 885 qui

174 927 285 972 veram
314 909 382 972 eius
411 909 552 991 patriam
578 927 645 972 non
670 908 876 989 ignorabant,
903 907 958 971 hic
982 907 1072 971 locus
1100 908 1170 988 ipse
1197 907 1339 970 maxime
1362 906 1466 982 docet,

176 1030 275 1092 quarn
297 1011 353 1075 illo
377 1015 541 1092 tempore,
570 1029 643 1074 cum
671 1011 812 1090 primum
838 1010 975 1091 scriptus
1001 1015 1064 1087 est,
1093 1009 1299 1074 Herodotum
1320 1009 1466 1073 Halicar-

173 1133 327 1178 nasseum
350 1113 515 1195 appellare
543 1113 639 1178 luerit
665 1112 864 1176 inusitatum.
908 1112 1001 1177 Prius
1024 1113 1111 1177 enim
1133 1112 1241 1177 locum
1264 1116 1373 1177 ortum
1395 1133 1466 1177 esse

174 1236 274 1298 quarn
295 1217 358 1281 hoc
386 1236 567 1298 cognomen
588 1216 783 1296 scriptorum
803 1235 865 1280 usu
886 1216 1082 1297 reciperetur
1102 1235 1236 1280 necesse
1260 1219 1318 1280 est.

262 1319 406 1384 Vidimus
428 1319 524 1400 igitur
545 1318 587 1384 de
609 1318 714 1401 patria
736 1318 944 1399 Panyassidis
967 1319 1049 1400 epici
1070 1319 1171 1382 Durin
1193 1321 1312 1383 testem
1331 1318 1466 1382 reicien-

175 1421 253 1486 dum
284 1441 366 1497 esse,
396 1422 484 1504 quod
513 1440 580 1485 non
610 1421 716 1485 solurn
742 1421 842 1499 illurn,
871 1422 929 1486 sed
960 1422 1059 1486 etiam
1086 1421 1292 1485 Herodotum
1320 1421 1466 1487 Samium
1584 1435 1585 1440 ’

175 1524 359 1606 appellavit.
414 1524 548 1589 Accedit
573 1543 650 1589 vero
681 1524 770 1606 quod
800 1524 1015 1590 dubitandum
1045 1528 1105 1603 est,
1135 1524 1265 1588 idemne
1292 1523 1466 1604 Panyassis

174 1626 358 1708 illaquam
387 1627 481 1692 Duris
511 1627 700 1704 nominavit,
731 1647 768 1691 ac
795 1631 896 1710 poeta
925 1630 1037 1691 noster
1065 1627 1172 1691 fuerit.
1227 1626 1346 1690 Dioclis
1380 1626 1466 1690 eninr

174 1729 276 1794 filium
301 1729 396 1794 Duris
423 1730 602 1812 Panyassin
631 1730 716 1794 dicit.
760 1731 883 1794 Poetae
906 1735 1015 1795 autem
1038 1731 1123 1811 patri
1144 1730 1323 1812 Polyarcho
1345 1748 1467 1794 nomen

100 1913 104 1918 Δ
173 1833 243 1896 fuit.
287 1834 401 1916 ltaque
429 1834 502 1898 etsi
515 1834 695 1914 Panyassin
723 1833 841 1897 Dioclis
863 1833 966 1897 illium
988 1833 1079 1898 Sami
1101 1833 1228 1914 degisse
1250 1852 1317 1897 non
1339 1835 1389 1896 est
1412 1852 1467 1896 cur

173 1956 339 2018 negemuS,
356 1942 477 2014 tamen,
495 1957 575 2001 num
590 1937 764 2018 Panyassis
779 1936 949 2019 Polyarchi
965 1936 1048 2000 filius
1061 1936 1152 2001 Sami
1162 1955 1308 2018 unquam
1320 1953 1465 1998 commo·

174 2041 264 2102 ratus
287 2040 338 2116 sit,
360 2039 520 2103 incertum
542 2039 723 2120 relinquere
746 2040 913 2103 debemus.

261 2140 436 2204 EDuridis
463 2140 651 2204 testimonio
679 2145 838 2221 quantum
865 2141 961 2204 nobis
989 2140 1213 2222 accipiendum
1240 2140 1290 2216 sit,
1318 2139 1385 2202 iarn
1408 2139 1465 2202 de-

174 2242 435 2307 monstravimus.
464 2243 552 2306 Num
570 2248 678 2307 antem
698 2243 793 2307 Duris
811 2243 899 2308 idem
917 2243 1018 2323 accipi
1035 2242 1180 2317 voluerit,
1198 2244 1300 2305 restat
1316 2245 1352 2305 ut
1364 2261 1464 2322 quae-

173 2365 293 2410 ramus.
327 2345 418 2409 Haec
435 2345 522 2409 enirn
537 2346 685 2427 quaestio
702 2347 744 2409 ab
762 2346 816 2411 illa
832 2347 928 2428 longe
941 2346 1068 2409 diversa
1085 2344 1218 2408 maximi
1234 2344 1392 2409 momenti
1405 2347 1464 2408 est.

258 2448 368 2512 Primo
401 2447 534 2529 quidem
566 2448 686 2512 nemini
720 2449 854 2513 dubium
883 2449 1054 2526 videbitur,
1086 2448 1165 2529 quin
1192 2448 1338 2512 Samium
1370 2446 1465 2510 Duris

172 2550 352 2633 Panyassin
374 2551 594 2632 appellaverit,
617 2570 684 2615 non
705 2553 794 2633 quod
817 2553 908 2617 Sami
931 2555 1017 2616 esset
1038 2555 1145 2628 natue,
1169 2550 1228 2614 sed
1250 2549 1327 2631 quia
1348 2550 1393 2614 ibi
1417 2553 1466 2614 est

173 2657 402 2718 commoratus.
456 2654 547 2732 Quae
576 2655 683 2718 adhuc
711 2656 857 2719 oninium
885 2656 953 2719 fere
983 2655 1092 2736 opinio
1120 2654 1189 2730 fuit,
1218 2672 1292 2718 cum
1318 2652 1465 2716 Halicar-

172 2776 327 2821 nasseum
353 2756 531 2837 Panyassin
559 2757 658 2821 fuisse
689 2759 838 2822 sciamus
883 2757 920 2821 ld
948 2762 1059 2822 aulem
1086 2758 1113 2820 si
1141 2756 1349 2833 nesciremuS,
1373 2756 1467 2846 aliter

173 2859 399 2922 indicaremus.
451 2857 555 2921 Nemo
590 2860 678 2922 enim
711 2859 874 2924 dubitaret
907 2860 985 2940 quin
1018 2859 1113 2922 Duris
1146 2877 1253 2939 neque
1284 2858 1465 2939 Panyassin

173 2978 280 3039 neque
301 2959 507 3022 Herodotum
525 2959 618 3024 aliter
635 2961 782 3024 Samium
799 2961 1010 3043 appellaverit
1026 2981 1064 3025 ac
1082 2960 1213 3041 plurimi
1232 2959 1333 3024 Samii
1351 2961 1464 3041 appel·

173 3062 290 3138 lantur,
320 3061 409 3142 quod
430 3061 554 3126 Samus
582 3082 695 3126 eorum
720 3064 826 3145 patria
848 3064 917 3140 fuit,
947 3064 980 3128 in
1008 3084 1073 3145 qua
1095 3067 1127 3127 et
1148 3063 1217 3127 nati
1243 3062 1307 3125 sint
1330 3065 1362 3125 et
1384 3062 1464 3126 ado-

174 3164 310 3229 leverint
332 3168 364 3228 el
386 3164 472 3228 vitae
494 3164 640 3246 degerint
661 3185 815 3247 magnam
835 3169 973 3247 partem.
1013 3167 1099 3245 Quid
1115 3165 1209 3246 igitur
1226 3165 1356 3229 Diuidis
1373 3167 1465 3229 testi·

173 3256 328 3331 monium¹
342 3268 401 3331 sibi
425 3267 511 3345 velit,
539 3287 607 3331 non
635 3272 733 3332 antea
761 3269 928 3333 diiudicari
950 3273 1069 3351 potest,
1092 3288 1193 3350 quam
1214 3267 1363 3344 sciamuS,
1388 3269 1465 3348 quid

174 3370 216 3433 de
238 3369 445 3450 Panyassidis
468 3375 500 3434 et
522 3370 682 3435 Herodoti
704 3391 781 3436 vera
802 3373 908 3454 patria
930 3372 1042 3436 Duridi
1065 3375 1268 3452 compertum
1289 3369 1394 3434 fuerit.

260 3473 326 3537 Sed
355 3473 445 3537 locus
475 3473 581 3538 nullus
612 3477 727 3553 exstat,
758 3495 823 3556 quo
855 3476 895 3539 de
928 3495 968 3539 ea
999 3474 1095 3537 Duris
1129 3473 1307 3553 quidquam
1340 3473 1464 3537 dixerit.

173 3575 294 3640 Suidae
323 3576 409 3641 enim
438 3577 479 3640 de
506 3577 627 3641 Duride
655 3578 755 3655 locuS,
786 3598 885 3658 quem
911 3577 1011 3641 modo
1034 3575 1253 3653 tractavimus,
1276 3575 1357 3638 nihil
1379 3576 1465 3640 eius·

172 3679 262 3742 modi
291 3679 401 3744 habet.
453 3679 575 3744 Suidae
602 3683 713 3745 autern
740 3680 822 3744 haee
848 3681 948 3744 verba
960 3678 999 3762 ll:
1033 3679 1156 3762 μετέστη
1184 3678 1209 3743 δ’
1237 3681 1267 3744 ἐν
1295 3679 1388 3764 Σάμῳ
1418 3682 1465 3744 διὰ

171 3783 331 3867 Λύγδαμιν,
360 3783 487 3847 etiamsi
509 3803 577 3847 non
599 3783 801 3864 grammatici
824 3783 1008 3846 coniectura
1030 3781 1198 3859 ortasint,
1220 3785 1331 3846 tamen
1353 3781 1465 3845 Dun'di

172 3886 296 3948 auctori
317 3885 461 3950 tribuere
482 3905 692 3967 nequaquam
714 3886 882 3949 debemus.
927 3886 974 3978 De
996 3884 1194 3965 Panyasside
1218 3884 1350 3965 quidem
1369 3884 1463 3947 dubi-

172 3987 234 4049 tari
262 4007 329 4051 non
358 3992 467 4070 potest
496 3989 574 4070 quin
594 3988 690 4052 Duris
719 3988 798 4052 nihil
825 4007 965 4069 usquam
993 3971 1180 4065 tradiderit,
1200 3986 1289 4068 quod
1320 3987 1362 4050 ad
1396 3986 1464 4050 eius

173 4088 331 4168 originem
351 4090 634 4156 Halicamasseam
655 4092 842 4172 pertineret.
885 4091 922 4154 ld
943 4090 1076 4154 enimsi
1097 4090 1236 4166 fecisset,
1256 4089 1464 4153 manifestum

173 4210 211 4254 ac
239 4194 363 4272 certum
390 4192 503 4256 fuisset
530 4213 604 4257 eum
627 4195 728 4259 Samii
750 4193 969 4276 appellatione
991 4212 1088 4256 usum
1111 4212 1181 4256 esse
1204 4210 1271 4254 non
1295 4191 1336 4254 de
1358 4191 1463 4272 patria

173 4293 380 4375 cogitantem,
411 4294 469 4357 sed
497 4296 538 4358 de
565 4297 832 4376 peregrinatione.
884 4297 997 4376 Neque
1024 4295 1069 4360 ita
1097 4315 1180 4376 opus
1210 4297 1279 4358 erat
1305 4293 1464 4357 Herodoti

1204 4574 1246 4654 qa
