3604 5288
781 306 994 369 „71-

327 477 375 542 Ex
396 477 447 542 his
469 475 660 541 testimomis
683 496 755 541 cum
779 476 984 559 perspicuum
1007 476 1047 542 sit
1067 497 1107 541 ex
1128 477 1231 542 altero
1250 497 1282 558 p.
1306 476 1379 542 Chr.
1403 477 1532 544 saeculo

241 579 447 663 Panyassidis
469 579 659 644 memoriam
680 599 784 660 paene
807 577 1013 644 obliteratam
1035 599 1117 658 esse,
1139 583 1206 645 noh
1224 579 1333 661 magni
1350 580 1534 645 ducendum

244 687 306 760 est,
337 682 426 764 quod
454 681 525 765 ipso
552 682 607 746 illo
634 682 763 747 saeculo
792 701 830 746 ao
857 685 973 763 postea
993 682 1198 764 Panyassidis
1227 682 1390 747 interdum
1412 683 1533 748 mentio

242 787 289 850 fit.
333 786 432 850 ·Nam
461 784 585 848 etiamsi
614 785 670 866 qui
698 785 800 849 altero
830 803 868 848 ac
901 783 997 848 tertio
1026 785 1155 848 saeculo
1185 786 1362 866 Panyassin
1389 786 1533 868 legerint,

128 967 130 972 Ι
242 894 353 954 tamen
386 892 484 971 poeta
516 889 613 952 notus
652 887 717 952 iam
750 906 819 951 non
851 887 921 951 fuit.
984 888 1095 969 ltaque
1129 887 1246 952 nullius
1284 889 1441 954 momenti
1476 893 1533 965 est,

243 993 332 1074 quod
352 991 502 1056 Clemens
520 990 757 1055 Alexandrinus
778 988 934 1070 Panyssin
956 989 1084 1071 saepius
1106 995 1350 1069 commemorat,
1373 1012 1469 1073 quem
1492 993 1534 1056 ab

244 1115 283 1159 eo
312 1095 432 1159 lectum
463 1113 532 1157 esse
560 1093 638 1157 nihil
668 1097 730 1170 θεῖ,
766 1112 822 1156 cur
843 1092 928 1157 hanc
951 1093 994 1156 ob
1018 1111 1148 1157 causam
1170 1093 1318 1158 arbitrari
1347 1095 1534 1159 debeamus.

243 1195 442 1280 Amobius1)
468 1215 563 1274 veru,
593 1196 703 1278 ipsene
729 1195 923 1278 Panyassin,
951 1215 1048 1278 quem
1076 1196 1177 1260 semel
1198 1197 1362 1275 nominat,
1390 1216 1536 1278 unquam

244 1300 370 1382 legerit,
405 1298 619 1363 dubitandum
652 1303 714 1376 est,
746 1299 893 1381 quamvis
927 1318 1002 1363 enm
1035 1299 1207 1364 nominans
1240 1300 1335 1364 docte
1368 1319 1403 1364 se
1436 1301 1535 1381 gerat.

244 1403 343 1466 Nam:
377 1422 445 1466 non
474 1421 514 1466 ex
540 1402 646 1479 vobis,
679 1402 795 1483 inquit,
829 1402 999 1484 Panyassis
1027 1420 1111 1466 unus
1142 1404 1204 1480 est,
1241 1403 1296 1484 qui
1325 1404 1368 1467 ab
1398 1402 1537 1468 Hercule

244 1505 351 1570 Ditem
367 1508 494 1586 patrem
510 1508 542 1569 et
558 1504 701 1586 reginam
724 1508 885 1570 memorat
906 1505 1080 1569 sauciatam
1099 1525 1168 1570 esse
1180 1506 1358 1570 Iunonem?
1393 1507 1459 1572 Sed
1474 1507 1537 1571 hoc

246 1610 352 1674 dicere
381 1608 558 1673 absurdum
587 1611 668 1685 erat,
702 1607 773 1672 nisi
788 1609 957 1691 Panyassis
985 1610 1056 1672 tum
1084 1607 1317 1690 cognitissimus
1345 1609 1536 1674 habebatur.

245 1711 342 1789 Quod
364 1731 437 1776 cum
459 1711 546 1775 credi
567 1711 657 1775 nullo
680 1712 779 1776 modo
802 1711 913 1793 possit,
940 1710 1104 1775 Amobius
1131 1715 1242 1776 noster
1267 1711 1443 1794 Panyassin
1464 1714 1537 1775 tan·

246 1835 345 1898 quam
367 1814 531 1896 cognitum
552 1813 627 1877 ideo
645 1813 773 1878 videtur
794 1814 938 1878 attulisse
960 1817 996 1879 ut
1019 1815 1060 1879 de
1083 1834 1122 1879 eo
1145 1834 1244 1896 quam
1266 1815 1431 1895 aptissime
1459 1814 1537 1878 doc·

246 1920 363 1983 trinam
382 1936 473 1981 suam
493 1919 680 1980 ostentaret.
715 1915 820 1993 Quam
837 1917 924 1982 unde
941 1917 1094 1995 hauserit,
1117 1918 1301 1982 etiamnunc
1318 1917 1537 1999 perspicimus

245 2023 330 2086 Nam
352 2039 453 2084 unum
475 2019 572 2083 luisse
593 2018 778 2099 Panyassin,
802 2019 856 2099 qui
878 2019 956 2082 illud
979 2019 1115 2096 fecisset,
1134 2020 1325 2084 Heracleam
1344 2021 1411 2084 eius
1430 2020 1539 2101 legens

246 2143 343 2188 nemo
366 2141 560 2204 cognoscere
582 2123 720 2200 poterat.
765 2119 844 2185 Tale
872 2121 949 2202 quid
976 2121 1010 2185 in
1036 2122 1124 2186 libris
1146 2122 1430 2203 grammaticomm
1452 2122 1539 2203 lege-

246 2228 356 2302 batur,
390 2224 505 2306 quibus
527 2222 690 2287 Amobius
721 2223 803 2287 illius
832 2223 879 2288 rei
908 2223 1073 2294 scientiam
1103 2225 1253 2289 debuisse
1283 2225 1447 2306 putandus
1480 2228 1538 2288 est.

333 2327 494 2405 Quamdiu
527 2325 696 2407 Panyassis
729 2326 920 2391 auctoritate
953 2328 1107 2406 floruerit,
1140 2327 1205 2391 iam
1238 2328 1330 2392 facile
1364 2331 1412 2392 est
1443 2326 1538 2392 dictu.

247 2429 432 2510 Quintiliani
443 2429 653 2510 temporibus,
669 2447 856 2511 quanquam
869 2429 978 2512 magni
991 2431 1153 2495 aestimari
1167 2432 1314 2496 nondum
1326 2429 1447 2495 desitus
1461 2433 1539 2507 erat,

246 2539 358 2599 tamen
385 2535 518 2614 coeptus
547 2535 616 2597 erat
643 2531 711 2596 aliis
737 2531 890 2613 postponi
918 2551 956 2596 ac
982 2532 1117 2614 neglegi,
1145 2536 1181 2596 ut
1202 2533 1389 2614 imperatori
1410 2532 1540 2598 Tiberio

246 2638 394 2702 Rhianus
424 2635 549 2717 epicuS,
583 2635 637 2716 qui
667 2653 741 2699 cum
770 2635 833 2699 alia
863 2638 934 2699 tum
966 2635 1158 2700 Heracleam
1191 2637 1268 2700 item
1302 2655 1340 2700 ac
1372 2636 1542 2718 Panyassis

247 2740 385 2820 scripsit,
415 2741 544 2820 praeter
566 2741 690 2802 ceteros
712 2737 916 2803 admirationi
938 2739 1058 2816 iuerat,
1089 2757 1173 2819 quae
1195 2759 1247 2803 res
1274 2759 1318 2803 an
1339 2737 1541 2820 Panyassidis

247 2840 429 2906 auctoritati
451 2841 588 2904 multum
610 2839 769 2917 nocuerit,
801 2840 890 2904 haud
912 2841 987 2906 scio.
1032 2841 1118 2905 Ante
1145 2840 1285 2924 Dionysii
1311 2845 1420 2906 autem
1450 2841 1540 2905 Hali·

249 2942 407 3008 carnassei
440 2945 597 3019 aetatem,
632 2943 757 3007 etiamsi
788 2963 861 3008 cum
899 2964 938 3008 eo
967 2964 1035 3008 non
1069 2963 1182 3008 omnes
1214 2943 1400 3026 Panyassidi
1433 2945 1540 3008 locum

248 3048 392 3112 Homero
415 3045 599 3127 proximum
621 3045 834 3124 attribuerint,
856 3047 1033 3129 Panyassin
1050 3049 1180 3128 oportet
1198 3050 1330 3128 poetam
1348 3046 1445 3112 luisse
1463 3066 1540 3111 auc·

247 3149 387 3214 toritatis
413 3148 584 3225 maximae,
612 3167 676 3229 qua
703 3147 758 3212 diu
785 3153 834 3214 est
860 3169 946 3214 usus
991 3149 1118 3214 Etenim
1140 3149 1327 3232 priusquam
1349 3151 1392 3214 ab
1415 3149 1540 3214 Aristo-

247 3254 357 3336 phane
380 3256 412 3316 et
433 3251 619 3316 Aristarcho
641 3252 674 3316 in
696 3251 895 3332 optimorum
922 3253 1087 3334 epicorum
1113 3272 1284 3317 numerum
1305 3254 1454 3335 receptus
1482 3255 1541 3329 est,

248 3357 313 3420 iam
334 3355 460 3437 pridem
482 3354 571 3417 lama
591 3354 709 3420 floruit.
755 3355 906 3437 lgnobilis
929 3355 1015 3420 enim
1038 3355 1207 3433 siluisset,
1237 3353 1330 3419 Duris
1353 3355 1420 3419 eius
1441 3355 1541 3418 vitam

248 3478 317 3522 non
337 3459 516 3533 tractasset,
546 3457 729 3522 fabularum
751 3458 888 3540 scriptor
909 3457 962 3522 ille
983 3458 1168 3523 Antimachi
1190 3457 1333 3540 aequalis
1355 3477 1429 3522 eum
1447 3457 1541 3521 huius

248 3560 418 3625 dominum
439 3578 507 3622 non
528 3559 713 3626 induxisset.

335 3664 379 3728 At
400 3661 583 3728 Antimachi
605 3667 681 3728 ante
703 3667 846 3728 aetatem
868 3662 978 3728 nobile
999 3664 1095 3728 fuisse
1114 3662 1318 3745 Panyassidis
1335 3683 1456 3727 nomen
1473 3682 1541 3727 non

249 3770 366 3848 potest.
412 3766 442 3830 Is
465 3766 552 3830 enim
581 3766 657 3831 belli
678 3766 943 3848 Peloponnesiaci
966 3767 1078 3845 aetati,
1114 3787 1198 3849 quae
1221 3767 1288 3831 eius
1310 3769 1417 3830 aelate
1438 3766 1541 3829 multo

249 3869 409 3952 posterior
438 3872 496 3947 est,
526 3869 657 3933 attribui
686 3889 753 3934 non
782 3870 898 3952 potuit,
927 3869 988 3934 nisi
1015 3889 1136 3934 nomen
1166 3869 1233 3934 eius
1259 3869 1314 3933 diu
1340 3869 1451 3932 fuisset
1481 3869 1540 3933 ob-

249 3992 388 4038 scurum.
440 3971 548 4054 Magni
576 3971 671 4054 igitur
699 3977 817 4053 poetae
846 3974 968 4038 famam
999 3973 1102 4037 multo
1135 3973 1267 4037 demum
1300 3973 1374 4052 post
1402 3974 1541 4035 mortem

250 4076 388 4156 adeptus
406 4077 464 4150 est,
481 4074 604 4156 idquod
620 4075 836 4140 necessarium
851 4075 979 4140 videtur
994 4095 1054 4156 pro
1070 4079 1255 4156 temporum
1270 4073 1396 4137 illorum
1414 4077 1540 4150 natura,

252 4197 336 4259 quae
359 4175 587 4241 obscuritatem
610 4177 682 4242 talis
703 4181 831 4259 poetae,
854 4177 956 4259 qualis
979 4177 1038 4241 tuit
1059 4176 1238 4259 Panyassis,
1257 4177 1349 4258 quasi
1367 4177 1540 4257 postulent.

250 4281 337 4344 Dum
359 4278 445 4344 enim
467 4277 676 4359 antiquorum
695 4283 880 4362 temporum
897 4280 1051 4361 splendor
1069 4280 1157 4360 apud
1174 4279 1312 4344 Graecos
1328 4279 1542 4344 recentiorum

339 4501 360 4570 ¹)
387 4503 455 4556 Adv.
476 4506 569 4571 gentes
586 4502 611 4556 4.
630 4503 671 4559 25.
706 4502 786 4570 Apud
803 4503 896 4557 Tzsoh.
915 4503 964 4571 frg.
983 4503 1024 4556 34.
