3604 5288
733 274 942 337 ..59-

192 445 235 508 ad
253 446 386 526 poetam
405 444 552 526 quadret.
585 443 849 510 Halicarnasseus
873 444 958 509 enim
981 464 1084 526 aeque
1107 447 1206 525 poeta
1227 465 1265 510 ac
1287 446 1485 510 somniorum

191 547 349 628 interpres
371 547 440 624 fuit,
464 565 561 628 quem
580 546 696 612 Suidas
715 567 782 612 non
801 547 898 625 solus,
921 548 979 612 sed
1000 548 1097 612 etiam
1113 547 1372 633 Artemidorus3)
1395 549 1486 613 Hali-

192 669 397 715 camasseum
419 648 573 714 nominet.
625 648 780 734 Νεώτερος
802 654 912 714 autem
935 651 1135 716 somniomm
1156 651 1314 732 interpres
1337 651 1398 716 dici
1420 672 1488 717 non

191 753 307 835 potuit,
336 753 397 818 nisi
426 752 515 835 quod
543 751 713 833 Panyassis
742 756 841 834 poeta
870 753 974 818 maior
1004 755 1189 836 putabatur.
1242 752 1304 831 Qui
1337 774 1410 818 cum
1443 755 1485 818 ab

192 855 260 920 aliis
288 855 328 920 ol.
353 856 394 920 78
421 859 527 933 natue,
556 855 598 918 ab
626 855 694 920 aliis
723 857 825 920 multo
855 856 1001 939 superior
1028 858 1160 934 dicatur,
1189 858 1254 922 duo
1276 857 1487 940 Panyassides

192 960 299 1023 aetate
329 957 444 1022 diversi
471 957 621 1022 videntur
651 958 775 1022 confusi
806 979 898 1038 esse,
918 979 1057 1042 quorum
1084 961 1191 1026 minor
1217 960 1305 1025 idem
1331 959 1426 1025 fuerit
1448 980 1486 1025 ac

192 1061 391 1126 somniorum
424 1061 476 1126 ille
509 1060 654 1142 scriptor.
709 1061 815 1126 Etiam
842 1083 920 1128 vero
950 1064 1045 1142 liber,
1079 1064 1134 1145 qui
1167 1065 1208 1129 de
1241 1063 1374 1128 somniis
1407 1067 1486 1142 erat,
1544 1078 1547 1083 ·

191 1164 379 1247 Panyassidi
407 1168 541 1245 poetae,
570 1169 606 1229 ut
636 1164 690 1247 qui
719 1167 936 1248 τερατοσκόπος
965 1169 1164 1245 nominetur,
1198 1165 1267 1248 pari
1293 1169 1362 1231 iure
1390 1166 1486 1231 tribui

191 1286 230 1331 ac
258 1267 453 1350 philosopho
489 1270 606 1348 potest.
664 1268 748 1332 Nam
785 1270 827 1333 ab
860 1268 1057 1355 Hesychi04)
1090 1270 1227 1335 verbum
1259 1271 1486 1354 τερατοσκόπος,

192 1370 282 1452 quod
304 1370 523 1448 obsoleverat,
551 1371 651 1435 verbo
675 1373 870 1457 ὀνειροκρίτης
892 1373 1047 1438 redditur.
1091 1374 1199 1455 Atque
1227 1372 1450 1454 Hermogenes
1458 1371 1485 1456 ⁵)

190 1473 426 1554 Antiphontem
449 1474 623 1555 quendam,
647 1475 701 1556 qui
729 1478 795 1559 περὶ
820 1478 944 1561 κρίσεως
975 1477 1096 1561 ὀνείρων
1118 1475 1235 1540 librum
1258 1474 1392 1557 scripsit,
1414 1478 1485 1538 tum

191 1578 418 1661 τερατοσκόπον,
445 1580 515 1640 tum
542 1579 738 1662 όνειροκρότρν
761 1578 912 1659 appellat.
957 1577 1177 1660 Quaecunque
1199 1578 1293 1660 igitur
1315 1578 1356 1643 de
1378 1579 1486 1661 Pany-

192 1679 301 1746 asside
330 1681 531 1745 somniorum
561 1681 735 1761 interprete
767 1681 954 1760 traduntur,
988 1681 1175 1764 philosophi
1208 1700 1344 1760 nomen,
1378 1681 1482 1762 patria

191 1783 450 1860 Halicarnassea,
482 1787 574 1849 aetas
601 1784 718 1862 minor,
750 1783 823 1848 libri
850 1785 1051 1850 somniorum
1073 1786 1277 1867 interpretes
1305 1783 1422 1849 eadem
1445 1784 1488 1849 ad

191 1890 325 1968 poetam
355 1888 515 1969 quadrare
545 1891 615 1951 tam
645 1890 794 1968 apertum
822 1891 881 1965 est,
911 1892 947 1953 ut
974 1888 1051 1970 quin
1080 1887 1134 1952 ille
1153 1908 1227 1953 cum
1249 1888 1312 1952 hoc
1335 1887 1488 1952 contusus

193 1994 291 2071 atque
312 1990 400 2054 idern
422 1990 600 2055 disiunctus
622 1989 664 2054 ab
689 2008 728 2054 eo
751 1989 926 2068 habeatur,
958 1990 1099 2055 dubitari
1130 1991 1262 2055 omnino
1284 2010 1352 2055 non
1374 1990 1488 2072 possit,

192 2093 384 2173 praesertim
411 2111 485 2157 cum
513 2093 709 2157 documento
737 2092 928 2173 gravissimo
951 2113 1003 2157 res
1026 2093 1244 2170 confirmetur,
1267 2093 1356 2175 quod
1377 2093 1486 2157 adhuc

192 2196 436 2261 reservavimus.
470 2196 560 2260 Idem
583 2196 670 2261 enim
692 2196 719 2260 si
739 2196 911 2279 Panyassis
933 2198 1149 2281 τερατοσκόπος
1171 2200 1269 2277 atque
1290 2197 1487 2281 ὀνειροκρίτης

192 2299 261 2376 fuit,
273 2299 464 2381 Panyassidi
478 2299 569 2381 epico
584 2302 621 2362 ut
632 2298 853 2380 prodigiorum
863 2298 1031 2380 interpreti
1042 2299 1177 2363 eosdem
1188 2298 1229 2363 de
1241 2298 1375 2363 somniis
1386 2297 1486 2362 libros

194 2403 368 2467 attributos
387 2422 459 2466 esse
476 2421 609 2467 necesse
629 2406 687 2480 est,
705 2421 788 2484 quos
806 2401 979 2484 Panyassis
997 2402 1105 2466 minor
1124 2401 1291 2483 scripsisse
1309 2401 1419 2466 fertur.
1447 2401 1487 2465 Et

195 2505 368 2571 attributos
386 2506 431 2570 illi
449 2526 484 2570 re
502 2524 580 2570 vera
599 2525 671 2571 esse
690 2506 723 2570 in
741 2506 814 2587 ipsa
827 2505 905 2583 vita,
926 2525 1026 2588 quam
1043 2509 1231 2583 tractamus
1254 2505 1488 2569 documentum

195 2612 310 2687 exstat,
328 2609 416 2691 quod
434 2609 516 2674 latet
530 2609 564 2672 in
579 2609 739 2673 vocabulo
759 2611 818 2674 καί.
853 2608 889 2672 ld
905 2597 992 2673 enim
1010 2613 1086 2690 post
1101 2609 1202 2674 verba
1221 2608 1332 2694 ἔγραψε
1353 2609 1396 2685 u,
1414 2627 1487 2672 cum

195 2711 299 2776 omitti
321 2712 464 2789 deberet,
484 2711 632 2777 relictum
648 2716 724 2777 ante
740 2712 823 2776 haec
839 2713 940 2776 verba
958 2712 1114 2793 scriptum
1132 2712 1264 2792 aliquod
1281 2711 1488 2793 Panyassidis

195 2815 276 2896 epici
287 2815 453 2896 quondam
469 2814 672 2878 nominatum
688 2814 819 2892 indicat,
835 2815 924 2895 quod
936 2833 1021 2878 nunc
1037 2815 1079 2878 sit
1093 2815 1369 2895 praetermissum.
1393 2813 1488 2894 Cogi-

195 2918 257 2983 tari
268 2922 378 2983 autem
395 2918 436 2982 de
450 2917 540 2983 nullo
555 2918 618 2982 alio
632 2921 741 2999 potest
755 2917 817 2981 nisi
829 2917 870 2981 de
881 2917 965 2981 libro
977 2917 1179 2982 somniorum
1191 2918 1377 2997 interprete,
1390 2935 1488 2997 quem

195 3021 400 3086 nominatum
433 3021 502 3085 fore
534 3025 668 3102 propter
697 3021 833 3085 verbum
859 3021 1077 3105 τερατοσκόπος
1110 3023 1346 3103 exspectamus.
1403 3019 1489 3083 Nam

196 3124 276 3188 sicut
298 3125 399 3188 verba
420 3127 542 3210 ποιητὴς
565 3126 643 3189 ἐπῶν
670 3124 713 3188 ad
742 3125 885 3189 carmina
906 3127 1066 3206 spectant,
1091 3143 1174 3206 quae
1197 3124 1258 3187 sub
1281 3122 1381 3187 finem
1402 3122 1488 3186 vitae

195 3227 414 3304 nominantur,
445 3227 490 3291 ita
516 3227 616 3291 verbo
644 3230 860 3313 τερατοσκόπος
885 3227 959 3292 libri
985 3229 1185 3293 mentionem
1210 3226 1409 3307 respondere
1431 3244 1487 3289 ex-

196 3330 410 3412 spectandum
438 3334 498 3408 est,
527 3350 626 3412 quam
655 3331 700 3395 ita
729 3331 850 3396 iactam
877 3351 963 3396 nunc
989 3331 1147 3408 videmus,
1176 3334 1212 3394 ut
1240 3330 1339 3394 etiam
1365 3328 1488 3392 ordinis

195 3433 369 3498 verborum
385 3436 602 3517 τερατοσκόπος
618 3437 667 3498 καὶ
684 3439 807 3520 ποιητὴς
824 3437 903 3500 ἐπῶν
919 3434 1002 3499 ratio
1019 3434 1204 3498 haberetur.
1236 3433 1329 3496 Nunc
1345 3430 1488 3512 quidem,

196 3537 351 3617 quoniam
371 3536 544 3618 Panyassis
566 3537 781 3617 philosophus
803 3538 891 3602 idem
915 3540 965 3602 est
987 3541 1085 3618 atque
1106 3536 1170 3613 illc,
1193 3536 1249 3617 qui
1273 3537 1489 3619 τερατοσκόπος

195 3640 391 3717 nominatur,
414 3639 549 3705 dubium
570 3659 638 3704 non
661 3644 720 3717 est,
743 3641 820 3721 quin
842 3640 1029 3722 philosophi
1051 3639 1226 3720 appellatio
1249 3639 1283 3703 in
1305 3639 1376 3703 solo
1399 3657 1488 3702 som-

195 3743 324 3807 niomm
345 3743 428 3808 libro
455 3743 562 3823 posita
584 3742 634 3808 sit.
686 3741 777 3820 Quae
805 3743 990 3825 appellatio,
1020 3762 1076 3807 cur
1102 3743 1174 3823 ipso
1203 3742 1359 3806 hocloco
1383 3741 1488 3804 haud-

196 3865 360 3928 quaquam
389 3851 467 3927 apto
498 3847 541 3910 ad
576 3845 635 3910 viri
657 3846 766 3910 studia
794 3845 1005 3928 significanda
1037 3850 1194 3927 usurpata
1223 3847 1280 3923 sit,
1314 3845 1408 3910 facile
1440 3849 1489 3909 est

197 3949 377 4028 intellectu,
411 3949 487 4032 quia
518 3949 648 4031 saepius
679 3968 752 4013 earn
788 3949 833 4014 ita
868 3953 1060 4030 usurpatam
1091 3948 1310 4029 cognovimus
1369 3947 1489 4012 Suidae

198 4052 283 4116 enirn
305 4057 418 4117 auctor
441 4072 515 4116 oum
536 4053 735 4134 biographus
753 4052 859 4130 fuerit,
882 4051 951 4116 sine
970 4051 1070 4116 dubio
1087 4051 1260 4133 Panyassis
1278 4051 1385 4114 minor
1402 4050 1490 4131 apud

285 4222 307 4291 ¹)
334 4224 354 4277 1.
373 4223 398 4278 ό.
425 4224 445 4277 1.
464 4223 506 4281 64.

283 4307 306 4377 ²)
334 4327 354 4364 s.
373 4326 400 4370 v,
419 4308 614 4380 τιρατοσκόττοι,
632 4309 806 4379 όντιροκρίται.

282 4393 306 4465 ³)
333 4395 372 4450 De
389 4396 435 4465 fig.
453 4411 492 4454 or.
510 4396 543 4450 Π.
561 4412 587 4463 ρ.
605 4395 665 4448 497.
692 4412 718 4464 ρ.
734 4396 784 4450 387
794 4397 877 4451 Walz.
904 4395 1099 4451 Testimonium
1118 4399 1262 4462 utrumque
1279 4394 1333 4447 iam
1352 4393 1489 4447 Tzschirn.

197 4499 223 4550 p.
242 4482 267 4536 8.
285 4484 302 4536 9
321 4483 416 4537 attulit.
