3604 5288
872 279 1115 352 -18-'

331 459 429 524 Dorio
464 480 530 524 non
565 461 629 525 hoc
662 479 844 542 cognomen
871 459 1040 524 Herodoto
1075 459 1214 537 dedisse,
1248 461 1307 525 sed
1336 461 1434 526 aliud.
1485 462 1533 526 De
1562 482 1627 543 quo

332 563 541 644 cogitandum
564 563 614 640 sit,
638 563 758 628 Soidae
776 563 866 627 locos
889 562 959 644 ipse
982 563 1088 640 docet,
1111 563 1166 645 qui
1188 563 1313 627 nullom
1335 563 1423 629 aliud
1445 564 1507 628 nisi
1526 564 1628 628 Samii

332 686 514 748 cognomen
542 667 703 730 admittat.
756 665 900 730 Efficitur
931 669 1042 729 autem
1070 666 1133 730 loci
1156 670 1342 747 exspectata
1364 667 1470 731 forma
1492 666 1626 731 articulo

332 772 381 834 τόν
410 773 487 834 ante
514 769 655 862 verbum
673 769 798 851 Θούριον
821 768 952 845 insert0,
982 769 1038 849 qui
1066 788 1140 832 com
1161 769 1196 832 in
1218 769 1352 834 easdem
1373 768 1484 833 literas
1506 789 1628 834 nornen

341 874 496 957 Ηρόδοτον
519 876 622 949 exeat,
645 871 734 952 quod
750 871 922 948 antecedit,
945 871 1038 936 facile
1055 871 1184 936 exidere
1200 874 1339 952 poterat.
1377 872 1490 953 ltaque
1514 873 1625 936 emen·

334 976 402 1040 dati
423 976 488 1040 loci
508 975 670 1040 sententia
691 975 773 1038 haec
795 977 858 1038 est:

341 1105 343 1110 ¹
417 1078 601 1161 PanyassiS,
632 1077 802 1158 Polyarchi
830 1076 926 1153 filius
956 1076 1232 1141 Halicarnasseus
1286 1076 1369 1141 Eum
1390 1077 1485 1142 Duris
1507 1078 1626 1142 Dioclis

332 1182 435 1246 filium
463 1180 644 1245 nominavit
666 1200 705 1245 ac
727 1179 889 1258 Samium,
920 1179 1125 1244 Herodotum
1146 1198 1223 1244 vero
1246 1179 1404 1243 Thorirnn
1426 1180 1516 1244 illum
1538 1181 1626 1244 item.

417 1284 493 1348 Pari
515 1284 616 1365 igitur.
632 1283 823 1364 cognomine
839 1283 1013 1364 Panyassis
1030 1285 1127 1363 atque
1143 1281 1330 1345 Herodotus
1347 1301 1368 1346 a
1383 1283 1503 1352 Doride
1519 1283 1625 1347 norni-

332 1388 402 1452 nati
424 1390 509 1451 sunt.
547 1386 656 1467 Atque
678 1385 745 1449 iam
766 1385 860 1449 facile
882 1385 1086 1467 intellegitur,
1110 1403 1244 1448 curnam
1262 1385 1303 1448 de
1319 1384 1478 1448 Herodoti
1497 1405 1626 1467 quoque

331 1490 438 1572 patria
459 1489 588 1553 Doridis
610 1489 720 1570 opinio
744 1488 776 1551 in
799 1488 866 1552 vita
886 1488 1094 1569 Panyassidis
1117 1489 1397 1552 commemoretur.
1438 1488 1530 1565 Quae
1553 1508 1627 1552 com

332 1592 493 1658 astrictius
516 1592 698 1672 composita
727 1592 767 1654 sit
794 1611 895 1674 qoam
923 1594 960 1655 ot
986 1611 1039 1655 res
1068 1591 1192 1655 alienae
1222 1594 1356 1672 propter
1383 1590 1625 1654 similitudinem

333 1696 438 1760 solam
470 1695 503 1758 in
537 1714 576 1758 ea
613 1694 720 1758 afferri
753 1695 930 1775 potuerint,
969 1693 1128 1758 Herodoti
1170 1693 1370 1758 mentionem
1408 1693 1626 1758 necessariam

332 1799 432 1863 fuisse
454 1799 639 1877 factamque
662 1816 734 1860 esse
757 1800 886 1877 oportet
908 1817 948 1860 ex
971 1816 1036 1877 qua
1058 1801 1241 1878 appareret,
1265 1796 1343 1879 quid
1364 1796 1406 1860 de
1428 1795 1626 1876 Panyasside

332 1901 443 1967 Samio
454 1900 704 1965 existimandum
714 1904 809 1963 esset.
832 1899 1090 1963 Existimandum
1101 1903 1212 1965 autem
1224 1899 1301 1980 quid
1314 1899 1364 1975 sit,
1377 1918 1417 1961 ex
1428 1917 1467 1961 eo
1480 1897 1625 1975 efficitur,

333 2004 421 2085 quod
437 2003 641 2067 Herodotum
653 2004 733 2065 natu
750 2001 1036 2066 Halicarnasseom
1057 2002 1157 2067 foisse
1180 2003 1309 2067 scimus
1353 2002 1396 2066 Ut
1416 2001 1502 2064 enim
1520 2000 1625 2065 Hero-

332 2108 439 2184 dotus,
462 2125 561 2188 qoem
574 2105 669 2169 Doris
687 2105 833 2170 Sarniom
848 2104 1069 2186 appellaverit,
1090 2104 1311 2170 Halicamassi
1329 2109 1439 2169 tamen
1453 2108 1624 2182 natusest,

332 2210 380 2273 ita
388 2209 567 2292 Panyassin
582 2207 1083 2289 natuHalicarnasseomputare
1100 2208 1269 2283 debemus
1289 2208 1408 2289 quippe
1428 2208 1483 2289 qoi
1501 2209 1543 2272 ab
1555 2208 1625 2272 aliis

331 2312 598 2376 Halicarnasseus
614 2311 797 2392 appellatos
809 2331 829 2374 a
843 2310 964 2374 Doride
976 2311 1105 2375 Samios
1122 2310 1304 2391 appelletur
1314 2310 1393 2375 item
1410 2315 1509 2392 atque
1520 2310 1625 2374 Hero-

333 2415 439 2477 dotus.
478 2413 556 2476 Ideo
576 2413 671 2492 igitur
687 2412 846 2475 Herodoti
869 2412 1052 2493 exemplum
1074 2413 1209 2476 allatum
1225 2417 1284 2490 est,
1306 2417 1342 2477 ut
1358 2413 1487 2476 Doridis
1503 2413 1545 2477 de
1560 2413 1624 2477 Pa-

331 2515 482 2597 nyasside
504 2514 730 2578 testimonium·
755 2515 951 2580 contrarium
972 2515 1180 2579 refelleretur.
1224 2516 1333 2596 Atque
1362 2516 1460 2580 etiam
1488 2516 1636 2580 alterum-

325 2617 490 2692 Herodoti
507 2617 655 2698 exemplo
673 2618 771 2682 allato
784 2621 934 2698 apertum
946 2622 1004 2681 est.
1027 2617 1123 2681 Fides
1135 2618 1222 2682 enirn
1234 2618 1261 2682 si
1273 2639 1337 2700 qua
1347 2619 1461 2683 Doridi
1472 2618 1626 2682 habenda

333 2723 392 2798 est,
414 2721 459 2784 illi
483 2721 525 2784 ab
549 2740 587 2783 eo
611 2721 712 2785 Samii
738 2721 896 2802 appellari
919 2739 986 2784 non
1008 2724 1194 2801 potuerunt,
1221 2721 1283 2785 nisi
1306 2721 1396 2786 Sarni
1425 2719 1626 2802 aliquamdiu

332 2824 499 2904 degerunt.
554 2823 758 2888 Herodotum
786 2827 896 2888 autem
923 2823 1014 2886 Sami
1041 2823 1168 2904 degisse
1197 2827 1335 2887 constat.
1385 2823 1432 2886 Ex
1459 2843 1523 2904 quo
1552 2844 1626 2887 curn

333 2928 504 3008 appareat,
533 2928 698 3007 quomodo
721 2927 850 2990 Doridis
880 2927 921 2990 de
943 2926 1102 2991 Herodoti
1127 2927 1234 3008 patria
1264 2947 1353 2991 error
1382 2931 1472 2991 ortus
1503 2928 1554 3004 sit,
1584 2927 1625 2990 de

332 3029 540 3109 Panyassidis
573 3029 679 3110 patria
706 3030 801 3093 Duris
829 3029 969 3098 eandem
997 3030 1039 3093 ob
1068 3048 1200 3093 causam
1228 3030 1355 3094 videtur
1377 3050 1512 3094 errasse.
1559 3030 1624 3093 Pro

333 3132 417 3195 falso
435 3131 530 3210 igitur
548 3131 702 3211 quoniam
718 3132 847 3195 Doridis
863 3132 1085 3195 testimonium
1101 3132 1216 3195 haberi
1231 3132 1338 3209 debet,
1362 3132 1402 3196 de
1419 3131 1624 3212 Panyassidis

332 3237 452 3315 poetae
473 3233 580 3316 patria
602 3234 822 3297 controversia
844 3253 915 3298 esse
937 3252 1005 3297 non
1029 3237 1148 3315 potest.
1207 3233 1319 3315 ltaque
1348 3235 1488 3298 excossis
1516 3233 1624 3297 verbis

334 3339 444 3422 ὁμοίως
467 3338 501 3401 δὲ
523 3339 573 3400 καὶ
590 3331 757 3420 Ἡρόδοτον
779 3339 828 3400 τὸν
845 3336 971 3421 Θούριον
993 3336 1081 3400 idern
1103 3336 1315 3418 repperimus,
1339 3337 1508 3419 quodiam
1526 3356 1626 3418 sopra

334 3439 550 3502 intelleximus
574 3458 686 3502 eorum
710 3439 833 3502 nullam
854 3439 1016 3508 rationem
1033 3439 1193 3503 habentes
1211 3459 1248 3503 ac
1271 3441 1341 3504 sola
1357 3441 1459 3504 verba
1476 3439 1625 3504 conside·

333 3545 444 3605 rantes
474 3543 511 3606 ll.
543 3543 734 3626 Πολυάρχου,
762 3539 1023 3626 ζΑλικαρνοιοιεύς.
1079 3545 1183 3627 Δοῦρις
1218 3546 1250 3607 δὲ
1280 3545 1439 3614 Διοκλέους
1472 3568 1504 3607 τε
1532 3547 1625 3607 παῖδα

333 3644 480 3731 ἀνέγραψε
510 3647 559 3707 καὶ
587 3643 706 3727 Σάμιον.
761 3644 852 3722 Quae
881 3646 982 3708 verba
1012 3646 1122 3709 omnia
1152 3646 1246 3709 unios
1276 3646 1477 3725 grammatici
1507 3646 1623 3709 iudicio

337 3746 492 3810 contineri
520 3747 585 3810 iam
608 3747 686 3811 satis
709 3753 854 3830 apparet.

417 3849 462 3913 At
494 3849 580 3912 enirn
609 3850 642 3913 in
673 3869 712 3914 eo
743 3851 909 3916 offendere
938 3871 1035 3915 nemo
1065 3871 1133 3915 non
1159 3855 1292 3938 potest,¹
1313 3849 1402 3931 qood
1427 3849 1619 3924 Herodotus,

335 3971 408 4016 cum
438 3971 477 4014 ex
508 3951 575 4016 eius
606 3953 728 4034 origine
757 3953 1006 4018 Halicarnasson
1038 3953 1269 4020 documentum
1302 3953 1498 4016 sumendum
1530 3953 1622 4026 esset,

226 4074 231 4083 ·
332 4073 400 4117 non
426 4053 692 4120 Halicarnasseus
721 4057 903 4139 appellatus
935 4061 993 4133 est,
1028 4057 1086 4120 sed
1113 4057 1263 4120 Thurios.
1315 4055 1399 4133 Quin
1432 4056 1519 4119 enim
1546 4058 1626 4119 natu

331 4156 597 4221 Halicarnasseus
619 4158 682 4222 hoc
704 4158 776 4222 loco
799 4178 866 4222 non
894 4159 1000 4221 solum
1022 4158 1267 4238 intellegendos,
1299 4158 1357 4221 sed
1386 4159 1484 4222 etiarn
1513 4157 1624 4220 dicen-

332 4259 394 4322 dos
416 4260 611 4337 sit,.nemini
633 4261 769 4325 dubium
789 4260 961 4336 videbitur,
984 4280 1059 4324 corn
1080 4261 1142 4324 hac
1164 4280 1199 4324 re
1223 4261 1345 4324 omissa
1362 4261 1450 4324 locos
1468 4260 1623 4321 obscuros

333 4361 401 4438 liat,
432 4363 459 4425 si
486 4362 558 4443 qois
585 4363 789 4427 Herodotum
810 4363 1031 4426 Halicamassi
1053 4368 1166 4427 natum
1189 4384 1260 4428 esse
1284 4370 1316 4429 et
1338 4361 1428 4429 Sami
1449 4361 1625 4444 profugum

333 4465 459 4545 degisse
496 4466 607 4529 nescit.
666 4467 756 4530 Haec
796 4465 892 4546 igitur
930 4466 1001 4547 ipsa
1035 4467 1155 4531 omissa
1189 4487 1261 4531 esse
1297 4470 1435 4549 oportet.
1500 4463 1625 4542 Quodsi
