3604 5288
736 329 949 393 „77-

195 521 271 583 pres
303 501 505 578 nominatur,
540 502 629 583 quod
662 501 753 582 apud
786 501 926 565 eundem
959 500 1077 564 artium
1110 500 1316 582 mysticarum
1351 501 1488 565 studiosi

196 623 311 668 omnes
339 605 403 669 hoc
430 605 561 668 nomine
592 601 950 687 comprehenduntur.¹)
1003 601 1101 666 Cuius
1127 622 1205 667 usus
1236 621 1335 668 causa
1361 604 1488 668 videtur

195 706 249 770 illa
261 706 371 784 fuisse,
383 708 472 788 quod
484 707 571 789 apud
584 707 704 772 Suidae
718 709 885 770 auctorem
896 705 954 769 viri
967 704 1106 770 illustres
1117 706 1296 787 generatim
1310 707 1489 771 enumerati

196 809 305 893 illique
321 809 536 891 superstitiosi
554 809 824 891 philosophorum
842 809 952 889 generi
971 807 1117 872 attributi
1137 807 1252 892 sunt.²)
1280 809 1488 874 Somniorum

196 916 291 992 liber,
327 933 424 995 quem
453 911 626 995 Panyassis
660 911 801 993 scripsit,
836 931 856 975 a
889 911 1090 975 somniorum
1120 911 1350 993 interpretibus
1380 916 1489 996 magni

198 1019 389 1084 aestimatus
417 1014 511 1099 est.³)
572 1015 675 1080 Prosa
712 1035 755 1078 an
797 1014 942 1078 versibus
975 1013 1112 1095 scriptus
1141 1014 1253 1093 fuerit,
1289 1016 1488 1102 incertumst)

203 1121 337 1202 Scripsit
360 1139 434 1184 eum
455 1118 575 1183 Dioclis
597 1118 691 1195 filius
713 1117 993 1194 Halicarnasseus
1015 1135 1082 1180 non
1105 1116 1275 1202 Samius.⁵)

283 1221 490 1305 Panyassidis
510 1221 592 1302 epici
610 1240 740 1285 carmen
754 1217 868 1286 Ἰωνικά
879 1220 1070 1302 inscriptum
1085 1220 1346 1285 commenticium
1364 1222 1490 1288 videtur

198 1347 304 1408 neque
321 1326 423 1389 ullum
439 1343 584 1405 unquam
604 1322 710 1387 luisse.
746 1323 780 1388 Si
796 1323 865 1400 fuit,
885 1323 1067 1405 neglectum
1086 1327 1144 1387 est.
1178 1323 1266 1388 Inter
1283 1324 1490 1407 Panyassidis

198 1430 381 1510 fragmenta
400 1418 554 1504 estnihil,
578 1426 667 1507 quod
683 1425 796 1491 referri
813 1426 855 1490 ad
878 1426 910 1489 id
931 1424 1089 1509 debeata)
1120 1426 1198 1491 Sola
1219 1427 1315 1508 igitur
1332 1428 1491 1493 Heraclea

199 1530 372 1613 Panyassis
391 1533 510 1612 poetae
531 1530 642 1610 magni
663 1527 786 1594 famam
809 1529 947 1610 adeptus
966 1532 1024 1592 est,
1058 1528 1156 1594 Cuius
1180 1530 1340 1610 carminis
1364 1532 1391 1595 si
1413 1552 1491 1596 usus

203 1636 310 1699 famae
329 1633 560 1715 respondisset,
585 1632 687 1696 multo
703 1631 798 1712 plura
817 1632 999 1713 fragmenta
1017 1631 1220 1717 exstarent.⁷)
1253 1633 1389 1699 Materia
1408 1651 1490 1716 quo*

199 1737 304 1802 modo.
315 1737 348 1800 in
367 1755 406 1800 eo
425 1735 597 1800 distributa
612 1734 718 1812 tuerit,
734 1753 851 1815 pamm
867 1731 1034 1819 constatss)
1067 1735 1120 1799 Ad
1136 1739 1240 1800 artem
1257 1737 1346 1818 quod
1365 1738 1490 1816 attinet,

199 1841 372 1923 Panyassis
386 1841 419 1904 in
430 1839 617 1921 fragmentis
634 1838 768 1903 servatis
783 1841 917 1920 poetam
931 1858 966 1902 se
977 1839 1114 1919 praebet
1127 1839 1254 1904 facilem
1266 1843 1297 1903 et
1310 1841 1492 1922 elegantem

200 1950 298 2026 atque
311 1943 452 2008 eundem
463 1939 721 2024 arteficiosum.⁹)
741 1941 767 2004 E
778 1945 923 2004 veterum
935 1940 1063 2019 iudicio,
1076 1943 1164 2023 quod
1175 1943 1282 2006 solum
1292 1943 1382 2025 sequi
1395 1944 1491 2007 debe-

203 2067 285 2126 mus,
302 2045 515 2128 inaequabilis
527 2045 699 2125 eloquendi
710 2063 828 2125 genere
839 2029 937 2107 fuisse
948 2044 1113 2124 putandus
1126 2048 1184 2122 est,
1195 2045 1284 2126 quod
1296 2067 1336 2110 ex
1347 2047 1491 2110 Hesiodo

203 2154 235 2215 et
245 2149 440 2214 Antimacho
455 2149 591 2212 mixtum
607 2147 742 2211 dicatur.
750 2144 791 2230 10)
815 2147 935 2210 Verum
952 2146 1041 2226 quod
1060 2166 1190 2212 carmen
1207 2149 1309 2229 magis
1326 2149 1492 2230 magisque

201 2253 383 2334 neglectum
397 2255 455 2328 est,
467 2270 535 2314 non
548 2250 618 2314 sola
628 2249 710 2314 haec
722 2267 820 2312 causa
831 2248 900 2326 luit,
913 2249 971 2313 sed
984 2249 1082 2313 etiam
1096 2250 1231 2315 materia
1243 2251 1285 2315 ab
1299 2251 1370 2316 aliis
1384 2251 1492 2315 multis

202 2358 341 2420 tractata
359 2359 391 2418 et
409 2355 450 2419 de
475 2353 624 2418 carminis
647 2351 818 2416 virtutibus
835 2352 1049 2416 aestimandis·
1062 2355 1347 2434 grammaticorum
1367 2354 1492 2418 dissen-

201 2456 275 2521 εἰο.1
284 2456 307 2539 ¹)
340 2456 508 2538 Dionysius
520 2475 633 2520 eorum
652 2458 710 2532 est,
723 2454 777 2535 qui
788 2455 977 2536 Panyassidi
992 2455 1075 2520 inter
1088 2456 1196 2540 epicos
1213 2458 1255 2522 ab
1267 2457 1493 2522 Alexandrinis

202 2560 344 2625 delectos
357 2560 494 2624 alterum
510 2559 616 2622 locum
629 2557 797 2622 dederunt.
822 2557 1007 2635 Quintiliani
1023 2578 1063 2623 ex
1075 2559 1202 2638 iudicio,
1216 2580 1288 2625 cum
1299 2554 1492 2625 Antimacho

205 2666 238 2728 et
258 2662 402 2727 Hesiodo
424 2665 648 2744 postponatur,
702 2661 872 2743 Panyassis
894 2661 1002 2725 locum
1025 2666 1176 2743 quartum
1197 2668 1308 2728 tenere
1330 2664 1494 2745 putandos

204 2763 310 2848 est.¹²)
333 2764 424 2841 Quae
434 2764 603 2847 Dionysius
618 2768 649 2828 et
661 2763 876 2840 Quintilianus
889 2764 930 2828 de
940 2764 1144 2846 Panyassidis
1161 2770 1279 2846 poetae
1296 2767 1494 2848 proprietate

203 2868 356 2945 referunt,
379 2868 421 2932 ad
443 2868 568 2932 fontem
591 2886 796 2931 communem
818 2866 966 2943 redeunt,
989 2887 1073 2949 quae
1096 2869 1183 2949 apud
1206 2888 1262 2933 eos
1278 2869 1322 2933 ad
1341 2869 1408 2933 eius
1430 2871 1493 2934 vir-

204 2975 290 3036 tutes
314 2971 541 3036 aestimandas
573 2971 746 3052 pertinent,
779 2989 846 3033 non
880 2968 1017 3045 item.¹³)
1059 2971 1296 3036 Auctoritatem
1322 2972 1495 3054 Panyassis

203 3078 317 3139 nactus
345 3078 393 3139 est
424 3075 589 3155 aliquanto
619 3075 751 3138 demum
773 3076 847 3153 post
871 3072 1068 3157 mortem.¹⁴)
1124 3074 1264 3139 Choerili
1287 3074 1373 3139 eninr
1396 3075 1496 3141 Samii

204 3178 303 3242 aetati
319 3178 401 3242 salso
420 3177 549 3242 attribui
567 3177 660 3241 aliter
675 3196 743 3240 non
759 3175 874 3257 potuit.
904 3176 934 3239 ls
951 3175 1058 3257 potius
1074 3177 1275 3241 adversarius
1293 3177 1360 3241 eius
1378 3179 1497 3242 exstitit

204 3299 304 3362 quam
336 3284 486 3349 sectator.
536 3279 584 3343 Ac
619 3278 794 3343 diutissime
828 3277 857 3344 ei
889 3277 1122 3361 impedimento
1156 3279 1225 3357 fuit,
1259 3281 1431 3362 quominus
1464 3281 1497 3345 in

207 3384 344 3464 gratiam
377 3382 557 3465 veniret.¹⁵)
612 3383 660 3446 Ex
696 3382 880 3446 Antimachi
920 3385 1030 3445 autern
1068 3383 1287 3464 temporibus,
1327 3383 1381 3466 qui
1422 3404 1497 3448 eum

207 3487 372 3568 exemplar
394 3485 453 3549 sibi
476 3487 653 3568 proposuit,
676 3505 778 3567 usque
802 3485 844 3549 ad
867 3482 1100 3562 Quintilianum
1122 3485 1189 3549 lere
1211 3486 1308 3550 laude
1330 3485 1496 3570 floruit.¹⁶)

204 3589 324 3652 Postea
345 3589 448 3670 magis
470 3587 635 3670 magisque
657 3587 793 3669 neglecti
816 3591 848 3650 et
866 3587 1027 3651 oblivione
1045 3587 1150 3653 obruti
1168 3588 1232 3652 iam
1252 3590 1354 3656 altero
1371 3611 1404 3672 p.
1422 3589 1496 3654 Chr.

205 3692 334 3756 saeculo
353 3691 510 3756 memoria
526 3695 697 3773 tantopere
713 3691 883 3754 obliterata
899 3690 958 3754 fuit
974 3694 1010 3753 ut
1025 3690 1149 3754 nomini
1168 3692 1235 3755 eius
1255 3692 1386 3769 addere,
1410 3692 1498 3774 quod

206 3813 337 3858 carmen
348 3795 536 3876 scripsisset,
547 3814 614 3859 non
625 3793 736 3860 inutile
747 3793 919 3857 videretur.
942 3794 1049 3874 Atque
1061 3794 1134 3858 inde
1152 3795 1308 3858 obscurus
1322 3794 1498 3874 mansit.¹⁷)

292 3895 384 3972 Quae
407 3898 448 3962 de
471 3917 511 3962 eo
535 3897 653 3962 Suidas
674 3896 789 3973 tradit,
813 3897 856 3960 ad
880 3895 1052 3977 scriptores
1075 3896 1157 3960 duos
1180 3897 1330 3974 redeunt,
1360 3917 1499 3980 quorum

207 3997 289 4060 alter
310 4017 411 4061 unum
432 4000 609 4083 Panyassin
636 3998 768 4064 tradidit
794 3999 921 4080 epicum
948 4001 980 4062 et
1009 3999 1209 4065 somniorum
1237 4000 1426 4082 scriptorem
1454 4000 1499 4064 ita

206 4099 419 4176 contundens,
442 4104 478 4163 ut
501 4107 533 4166 et
555 4103 682 4167 Duridis
710 4100 889 4166 sententiae
918 4103 950 4164 et
972 4101 1103 4165 alterius
1131 4102 1311 4167 contrariae
1340 4102 1499 4167 rationem

207 4202 356 4277 haberet,
387 4202 469 4266 alter
492 4203 573 4267 duos
595 4205 728 4270 tradidit
751 4202 950 4268 somniorum
972 4202 1181 4286 interpretem
1204 4206 1246 4269 ab
1271 4206 1362 4287 epico
1386 4205 1499 4269 distin·

293 4354 1498 4428 pam-aamm-apmzppm-apm-qam

206 4440 1498 4512 pamm-apm-apm-mamma-mam-mam

206 4527 1500 4598 m-mpm-mpum-mpum-mpm-mamm
