3604 5288
754 324 962 388 ..73-

729 545 794 624 llll.
827 544 981 626 Summa.

299 701 473 782 Reliquum
486 703 535 764 est
546 705 591 779 ut,
611 719 695 782 quae
713 700 775 764 hac
791 700 981 781 quaestione
997 702 1093 766 nobis
1108 703 1261 767 videntur
1279 703 1505 768 demonstrata

214 825 296 883 esse,
318 804 429 886 paucis
450 803 557 868 verbis
580 801 817 883 comprehensa
839 822 1075 868 enumeremus.
1447 809 1451 818 '

298 907 426 971 Nomen
454 905 678 988 Panyassidis,
708 905 797 986 quod
824 905 1045 971 Halicarnassi
1072 907 1271 990 frequentius
1300 913 1390 974 extra
1420 910 1506 975 hanc

214 1009 328 1076 urbem
354 1010 478 1074 nemini
505 1009 579 1087 fuit,
613 1028 710 1091 quem
739 1009 902 1089 cognitum
930 1009 1127 1090 habeamus,
1160 1031 1220 1093 pro
1248 1010 1361 1075 Carico
1390 1012 1506 1077 haberi
1536 1071 1543 1078 .

214 1115 321 1179 debet.
375 1114 614 1177 Documentum
647 1111 873 1193 gravissimum
903 1116 953 1177 est
982 1139 1081 1186 υασσις
1116 1115 1219 1178 exitus
1253 1113 1286 1176 in
1316 1113 1504 1178 nominibus

214 1217 333 1282 (laricis
363 1217 472 1282 multis
502 1213 628 1293 obvius,
658 1235 742 1296 quae
769 1215 910 1279 nominis
932 1236 1008 1297 pars
1036 1203 1074 1281 et
1094 1217 1169 1299 ipsa
1189 1235 1310 1281 nornen
1332 1217 1505 1297 personale

213 1319 273 1384 fuit
306 1319 429 1384 nomini
460 1317 555 1382 locali
587 1316 723 1390 Οὐασσός
745 1319 959 1399 respondem.
1008 1319 1229 1398 Elementum,
1261 1319 1350 1400 quod
1378 1323 1454 1384 ante
1482 1345 1505 1392 ις

213 1422 388 1486 terminum
416 1425 476 1499 est,
504 1441 578 1485 cum
600 1440 656 1486 ore
679 1421 802 1486 Graeco
825 1425 912 1486 recte
935 1422 1060 1502 concipi
1081 1442 1149 1487 non
1175 1427 1303 1503 posset,
1331 1421 1431 1486 literis
1455 1423 1505 1486 di-

214 1525 315 1589 versis
337 1524 587 1606 significabatur.
622 1523 653 1586 'l'
671 1523 765 1588 litera
786 1542 949 1604 nusquam
969 1525 1032 1589 nisi
1048 1525 1133 1589 inter
1151 1525 1393 1590 semibarbaros
1415 1545 1505 1590 usur·

214 1631 303 1710 pata,
327 1627 415 1692 cuius
444 1627 517 1690 loco
539 1645 607 1690 non
634 1627 733 1690 modo
756 1652 809 1705 οσ,
842 1627 901 1691 sed
923 1628 1022 1692 etiam
1044 1628 1133 1692 haud
1160 1647 1235 1692 raro
1264 1655 1281 1693 0
1304 1631 1337 1692 et
1359 1633 1371 1702 Ε
1393 1628 1506 1693 literae

214 1730 353 1812 scriptae
369 1729 527 1810 leguntur,
543 1728 775 1810 significatione
793 1733 890 1811 atque
907 1751 969 1794 usu
987 1730 1057 1794 sola
1071 1731 1199 1796 videtur
1216 1732 1246 1796 ei
1260 1732 1357 1813 plane
1373 1751 1505 1813 respon·

213 1833 310 1897 disse.
344 1831 426 1897 Cum
449 1832 609 1905 ΠανόαΨις
632 1832 746 1918 ΐοιπια
759 1833 792 1896 in
814 1833 907 1897 titulo
929 1833 1176 1900 Halicamasseo
1199 1835 1319 1900 tradita
1340 1835 1506 1915 ipsiusque

213 1935 420 2017 Panyassidis
447 1939 566 2016 poetae
589 1939 698 2001 aetate
720 1935 816 2000 obvia
839 1937 953 2000 ceteris
976 1937 1126 2002 omnibus
1153 1937 1317 2020 antiquior
1338 1945 1377 2001 ac
1399 1937 1506 2018 potior

214 2039 266 2116 sit,
288 2039 331 2103 ad
352 2038 438 2102 hanc
458 2058 581 2103 nomen
603 2038 781 2104 scribentes
803 2057 864 2102 nos
887 2039 1050 2119 applicare
1073 2040 1241 2105 debemus
1274 2041 1388 2122 Neque
1411 2041 1507 2122 igitur

212 2141 356 2219 interest,
372 2144 482 2205 utrum
493 2143 659 2212 Πανύασσις
676 2160 719 2204 an
732 2143 879 2214 Πανύασις
890 2162 933 2206 an
946 2144 1089 2213 Πανύαῖις
1102 2162 1223 2206 nomen
1240 2144 1431 2222 scribamUS,
1446 2143 1507 2208 etsi

213 2244 319 2324 prima
333 2244 474 2308 nominis
490 2243 596 2308 forma
613 2263 699 2308 nunc
713 2243 845 2324 quidem
859 2245 930 2309 sola
942 2245 1028 2309 tituli
1043 2246 1235 2310 auctoritate
1254 2245 1506 2324 confirmatur.¹)

299 2347 348 2411 De
357 2347 424 2411 vita
434 2346 642 2429 Panyassidis
655 2346 745 2427 epici,
763 2366 975 2429 quaecunque
988 2353 1134 2414 veterum
1145 2349 1331 2413 testimonia
1344 2348 1508 2414 reicienda

215 2452 299 2528 sunt,
316 2449 450 2536 Durin2)
466 2451 616 2514 videntur
631 2452 798 2514 auctorem
815 2450 946 2527 habere,
964 2452 1019 2532 qui
1032 2452 1132 2530 illum,
1150 2472 1248 2533 quem
1258 2455 1339 2515 natu
1348 2451 1507 2515 maiorem

215 2572 289 2617 cum
302 2552 500 2636 Panyasside
515 2552 775 2630 HalicarnasseO,
792 2553 911 2618 Dioclis
927 2553 1005 2632 filio,
1022 2555 1221 2619 somniorum
1241 2555 1408 2636 scriptore,
1427 2558 1507 2618 natu

213 2655 339 2720 minore
370 2656 562 2733 confuderit,
590 2675 657 2720 non
687 2657 792 2720 solum
813 2657 933 2722 Dioclis
961 2657 1064 2721 filium
1093 2677 1131 2721 ac
1158 2658 1303 2722 Samium
1332 2656 1506 2721 tradidisse

213 2757 405 2822 iudicandus
429 2762 489 2836 est,
512 2759 570 2823 sed
587 2759 686 2823 etiam
703 2760 830 2841 epicum
846 2780 885 2825 ac
901 2761 1102 2824 somniorum
1120 2761 1341 2841 interpretem,
1366 2759 1507 2824 Choerili

215 2859 385 2940 aequalem
407 2864 514 2925 aetate
532 2881 656 2942 parem,
678 2862 866 2926 Antimachi
885 2863 1085 2944 magistrum.
1118 2862 1204 2927 Nam
1222 2863 1277 2926 illo
1298 2881 1406 2926 errore
1424 2861 1506 2926 haec

215 2961 325 3026 omnia
341 2963 554 3028 continentur.
589 2964 626 3028 In
643 2965 826 3046 olympiade
840 2966 880 3030 78
896 2969 1005 3030 utrum
1015 2965 1195 3047 Panyassin
1210 2969 1399 3030 nascentem
1411 2963 1506 3027 Duris

213 3062 282 3146 ipse
304 3066 449 3146 posuerit
470 3086 513 3130 an
534 3068 696 3149 posterior
715 3067 840 3148 aliquis,
867 3068 1026 3133 incertum
1041 3069 1260 3150 relinquimus.
1296 3068 1359 3146 Qui
1374 3067 1506 3148 quidem
1569 3087 1572 3090 ·

214 3166 299 3231 hanc
310 3168 529 3250 olympiadem
544 3170 673 3251 delegit,
693 3170 866 3235 obstrictus
886 3172 1003 3236 eodem
1021 3172 1081 3237 luit
1097 3192 1214 3250 errore,
1232 3191 1296 3254 quo
1314 3170 1420 3235 Doris.
1444 3169 1506 3235 Sa·

214 3269 315 3333 mium
333 3271 360 3334 is
375 3270 554 3358 Panyassin
571 3291 680 3337 errore
692 3273 812 3354 duplici
826 3275 1016 3352 nominavit,
1035 3295 1108 3340 cum
1123 3275 1360 3357 Panyassidum
1378 3273 1507 3336 illorum

213 3375 329 3436 neuter
345 3373 474 3438 Samius
495 3375 592 3440 fuerit
613 3395 674 3440 nec
698 3375 827 3441 Samius
849 3379 953 3459 magis
975 3381 1033 3442 aut
1054 3379 1161 3460 aptius
1184 3373 1342 3459 appellari
1364 3373 1507 3456 potuerit

214 3493 313 3554 quam
334 3476 537 3555 Herodotus,
559 3498 658 3561 quem
679 3479 767 3543 idem
788 3481 884 3544 Duris
906 3480 1051 3546 Samium
1081 3477 1296 3563 appellavit.³)
1341 3479 1435 3542 Hanc
1462 3477 1505 3541 ob

215 3595 347 3641 causam
363 3578 492 3644 Duridis
508 3582 730 3646 testimonium
745 3583 786 3647 de
805 3583 911 3664 patria
927 3603 993 3648 non
1005 3584 1203 3648 audiendum
1220 3602 1292 3648 esse
1308 3585 1434 3645 veteres
1446 3579 1507 3661 ipsi

213 3678 448 3747 intellexerunt.
481 3684 713 3750 Antimachum
734 3684 942 3767 Panyassidis
964 3687 1148 3751 ministrum
1169 3687 1231 3751 ioci
1254 3704 1354 3750 causa
1377 3682 1506 3764 excogi-

214 3782 294 3847 tavit
315 3784 498 3852 fabularum
522 3788 659 3869 scriptor
680 3787 877 3853 Antimacho
900 3788 1087 3873 aequahs.⁴)

302 3887 466 3970 Quidquid
494 3895 604 3955 autem
630 3890 890 3954 testimoniorum
918 3892 960 3955 de
981 3891 1186 3974 Panyassidis
1216 3889 1296 3972 epici
1318 3889 1384 3953 vita
1405 3887 1505 3952 tradi-

214 3990 322 4052 torum
332 3991 427 4055 nobis
444 3993 653 4073 probandum
670 3997 730 4071 est,
745 3993 902 4057 traditum
918 4013 957 4059 ac
973 3995 1155 4076 profectum
1172 3995 1298 4058 videtur
1315 4012 1335 4056 a
1351 3990 1507 4072 scriptore

304 4176 313 4216 ¹
352 4179 384 4233 ct.
423 4181 541 4233 ,7-1r.

301 4183 324 4331 ²3
351 4195 421 4330 Qud)
430 4264 459 4318 in
475 4265 544 4318 libro
562 4266 641 4320 Duris
655 4268 805 4336 Panyassin
821 4268 983 4334 tractaverit,
1001 4269 1133 4323 incertum
1150 4267 1334 4336 relinquimus.
1362 4265 1413 4318 Pro
1433 4269 1506 4318 certo

215 4347 324 4416 quidem
350 4350 445 4405 haberi
469 4355 559 4420 potest
585 4353 701 4406 eundem
723 4353 821 4409 librum
845 4356 937 4420 fuisse,
966 4371 1020 4423 quo
1042 4355 1085 4408 ille
1107 4353 1315 4416 Antimachum,
1344 4350 1505 4415 Choerilum,

214 4434 383 4490 Herodotum
400 4437 532 4493 tractavit.

302 4519 324 4584 3)
351 4539 377 4590 p.
399 4524 438 4576 19.
456 4525 497 4578 61.
516 4554 550 4562 -
568 4524 591 4593 q
610 4541 636 4593 p.
654 4526 696 4580 55.
714 4525 825 4578 ar-ra
