3604 5288
769 361 980 425 ..59-

231 533 338 599 studio
365 553 452 598 nova
479 533 575 598 laude
603 534 719 597 llorere
747 533 910 614 inciperet,
939 533 999 597 Dio
1029 533 1159 599 Cassius
1171 533 1194 617 ¹)
1223 537 1335 598 auctor
1364 536 1422 598 est.
1473 533 1521 598 Ac

230 636 334 701 multo
364 637 470 700 minus
497 636 692 701 Antimacho
722 636 859 700 idoneus
888 635 948 700 fuit
969 635 1152 718 Panyassis,
1182 637 1215 701 in
1245 655 1343 718 quem
1370 636 1522 700 homines

231 741 319 804 docti
346 740 453 804 studia
480 743 715 804 converterent.
763 739 910 803 Vidimus
938 740 1023 804 enim
1046 739 1226 822 Panyassin
1252 757 1320 803 non
1341 743 1429 804 certo
1452 739 1520 803 elo-

231 842 351 923 quendi
379 861 497 923 genere
525 842 736 924 praestitisse,
767 841 825 906 sed
846 842 1032 906 Antimachi
1062 846 1095 907 et
1115 842 1251 907 Hesiodi
1276 842 1410 906 virtutes
1437 841 1522 906 inter

232 965 267 1010 se
294 944 471 1009 contrarias
497 945 530 1008 in
557 964 597 1009 eo
625 945 813 1009 coniunctas
840 945 940 1009 fuisse
969 949 1002 1008 et
1028 946 1156 1010 mixtas
1207 946 1316 1024 Quare
1338 946 1521 1010 necessario

231 1050 265 1112 id
282 1049 389 1114 evenit
402 1052 438 1113 ut
451 1047 570 1129 quibus
592 1050 716 1111 certum
738 1047 911 1128 eloquendi
927 1067 1028 1128 genus
1044 1048 1205 1129 placebat,
1228 1048 1249 1111 ii
1268 1052 1324 1112 aut
1340 1048 1521 1112 Hesiodum

231 1156 288 1216 aut
313 1150 546 1215 Antimachum
573 1150 633 1214 sibi
659 1150 866 1214 tractandum
893 1155 1069 1228 sumerent,
1098 1151 1279 1234 Panyassin
1305 1150 1520 1231 neglegerent.

231 1254 427 1331 Accedebat,
449 1253 539 1334 quod
556 1253 734 1317 Heracleae
752 1253 882 1317 fuerunt
898 1253 987 1316 haud
1002 1273 1136 1334 paucae.
1170 1254 1254 1318 Nam
1269 1256 1400 1335 praeter
1414 1252 1521 1334 Pany-

231 1357 320 1420 assin
341 1356 509 1434 Pisander,
524 1355 694 1433 DiotimuS,
711 1355 920 1433 Phaedimus,
936 1355 1075 1432 pisinus,
1093 1355 1252 1432 Rhianus‚
1276 1356 1330 1420 alii
1346 1355 1521 1420 Heracleas

232 1463 493 1541 composuemnt.
551 1457 592 1522 Et
625 1459 680 1540 qui
708 1459 891 1523 breviorem
909 1458 962 1522 de
991 1459 1130 1524 Hercule
1163 1459 1383 1524 narrationem
1415 1458 1523 1539 legere

232 1562 408 1639 malebant,
429 1562 468 1625 iis
490 1561 563 1625 libri
584 1561 804 1643 suppetebant
833 1561 942 1625 idonei
976 1581 1015 1626 ac
1049 1565 1136 1625 certe
1164 1581 1232 1626 non
1261 1562 1366 1643 pauci.
1417 1560 1520 1625 Flori-

231 1664 315 1745 legia
332 1684 410 1729 vero
431 1665 645 1746 praebebant,
668 1665 757 1744 quod
780 1665 929 1729 carminis
959 1664 1018 1728 fuit
1048 1664 1207 1746 optimum
1238 1683 1276 1728 ac
1304 1664 1522 1728 notissimum.

318 1766 377 1829 His
405 1767 446 1830 de
476 1767 581 1832 causis
610 1767 818 1849 Panyassidis
847 1766 1006 1831 Heraclea
1035 1766 1113 1847 quin
1142 1753 1249 1848 'magis
1282 1767 1450 1848 magisque
1481 1766 1523 1830 ad

231 1868 401 1933 hominum
429 1870 601 1933 doctorum
627 1869 735 1933 studia
761 1874 888 1934 remota
909 1870 1079 1952 paullatim
1101 1870 1254 1933 oblivioni
1277 1870 1409 1934 daretur
1430 1869 1525 1934 ahter

232 1971 302 2035 fieri
329 1990 396 2035 non
427 1973 541 2051 potuit.
585 1973 634 2035 Ac
660 1972 786 2052 neglegi
814 1973 942 2036 videtur
970 1973 1059 2053 prius
1089 1976 1206 2052 coepta
1236 1993 1307 2036 esse
1335 1992 1434 2053 quam
1462 1991 1523 2053 pro

232 2077 351 2154 poetae
385 2073 621 2137 existimatione
655 2079 890 2155 exspectamus.
945 2074 1019 2152 Quo
1053 2075 1140 2138 enim
1172 2075 1306 2155 propius
1335 2095 1355 2139 a
1381 2074 1524 2156 Dionysii

232 2176 472 2240 Halicamassei
501 2179 609 2240 aetate
638 2176 681 2240 ad
710 2181 896 2258 temporum
924 2176 1149 2241 Romanorum
1180 2177 1301 2240 exitum
1330 2178 1524 2254 accedimus

234 2298 273 2342 eo
303 2279 407 2359 magis
435 2278 643 2360 Panyassidis
670 2279 822 2344 notitiam
846 2281 994 2344 ridemus
1023 2279 1133 2343 minui.
1181 2279 1353 2361 Dionysius
1382 2279 1525 2361 quidem,

234 2382 294 2446 etsi
325 2382 365 2445 de
394 2400 433 2445 eo
463 2381 615 2446 iudicium
642 2383 750 2447 verbis
777 2382 890 2446 alienis
919 2382 1035 2459 reddit,
1064 2385 1176 2446 tamen
1205 2383 1251 2446 ita
1280 2382 1343 2446 hoc
1372 2381 1526 2446 indicium

232 2484 356 2566 profert
383 2488 419 2548 ut
449 2484 517 2548 eius
547 2486 647 2566 ipsius
677 2485 711 2549 id
739 2505 811 2549 csse
837 2485 994 2549 videatur.
1038 2484 1087 2548 Ac
1113 2485 1232 2549 mirum
1258 2485 1405 2566 profecto
1428 2488 1525 2562 esset,

233 2587 260 2650 si
289 2587 486 2669 Panyassin,
519 2588 574 2669 qui
605 2592 637 2653 et
666 2589 736 2669 ipse
758 2588 1025 2652 Halicarnasseus
1055 2586 1165 2666 fuerit,
1199 2608 1265 2652 non
1298 2589 1437 2670 legisset,
1481 2587 1527 2651 At

234 2690 493 2768 Quintilianusne
522 2691 702 2773 Panyassin
734 2692 812 2756 satis
844 2691 1008 2773 cognitum
1041 2692 1205 2769 habuerit,
1237 2696 1274 2756 ut
1306 2693 1376 2773 ipse
1410 2692 1451 2755 de
1485 2710 1526 2755 eo

233 2793 386 2857 iudicium
416 2793 500 2857 ferre
527 2798 649 2874 posset,
680 2793 894 2858 dubitandum
923 2798 982 2858 est.
1032 2793 1125 2872 Quae
1152 2795 1238 2858 enirn
1261 2794 1302 2858 de
1324 2793 1469 2858 Hesiodo
1493 2798 1526 2857 et

233 2895 429 2959 Antimacho
451 2896 585 2976 profert,
609 2900 766 2977 tanquam
789 2916 884 2960 suum
905 2897 1058 2962 iudicium
1080 2897 1212 2977 profert.
1256 2897 1304 2960 De
1325 2895 1526 2977 Panyasside

234 3001 344 3061 autem
371 2998 507 3062 aliorum
537 2998 689 3063 iudicium
717 3019 738 3062 a
765 3017 801 3062 se
829 2998 922 3062 reddi
943 3000 1012 3080 ipse
1035 3000 1193 3080 significat
1215 3004 1373 3080 tanquam
1394 2999 1441 3062 rei
1462 2999 1525 3061 im-

233 3101 365 3181 peritus
399 3101 479 3164 Post
499 3101 688 3178 Quintiliani
708 3121 785 3166 vero
808 3105 959 3183 tempora
980 3123 1047 3167 non
1069 3103 1163 3168 multi
1184 3102 1363 3185 Panyassin
1380 3094 1527 3182 legerint.

234 3204 429 3284 Quanquam
453 3204 539 3267 enim
561 3205 775 3284 reperiuntur,
798 3206 853 3286 qui
876 3206 944 3270 eius
968 3225 1099 3270 cannen
1121 3208 1387 3281 commemorent,
1414 3208 1526 3268 tamen

232 3305 376 3388 plurimi,
400 3325 484 3387 quae
507 3325 546 3370 ex
570 3325 608 3370 eo
632 3307 754 3385 ferunt,
781 3327 848 3372 non
872 3328 911 3372 ex
934 3328 973 3372 eo
996 3309 1068 3390 ipso
1090 3308 1240 3371 ridentur
1268 3307 1425 3371 hausisse.
1477 3307 1525 3370 Ne

233 3409 422 3473 Athenaeus
455 3408 586 3490 quidem
613 3410 819 3490 excipiendus
847 3415 910 3488 est,
946 3411 1000 3493 qui
1033 3412 1093 3475 etsi
1123 3412 1228 3475 sexies
1256 3409 1434 3491 Panyassin
1462 3429 1524 3474 no-

234 3511 336 3575 minat
354 3530 393 3576 ac
410 3511 576 3593 complura
592 3531 632 3576 ex
649 3532 688 3576 eo
704 3513 886 3595 fragmenta
903 3515 1008 3592 affert,
1024 3518 1135 3579 tamen
1155 3534 1230 3579 eum
1249 3512 1412 3594 llorilegiis
1429 3532 1526 3576 usum

233 3619 367 3696 propter
394 3614 467 3678 libri
498 3614 566 3680 eius
595 3618 748 3680 naturam
779 3619 895 3697 putare
929 3617 1086 3681 debemus
1119 3618 1240 3699 pariter
1273 3636 1312 3681 ac
1344 3616 1526 3680 Johannem

234 3715 424 3795 Stobaeum,
447 3718 501 3799 qui
522 3719 701 3782 maximum
722 3718 930 3801 Panyassidis
952 3720 1169 3801 fragmentum
1188 3720 1283 3783 nobis
1302 3719 1444 3795 tradidit,
1468 3717 1526 3782 sed

234 3839 344 3884 unum.
378 3819 426 3884 Ac
448 3821 595 3884 similiter
617 3821 658 3884 de
681 3821 849 3902 Stephano
871 3822 945 3904 Byz.
969 3842 1021 3886 res
1042 3822 1206 3886 sehabet.
1240 3821 1396 3903 Reliquos
1415 3824 1526 3885 autem

234 3942 348 3986 omnes
374 3943 565 4004 percensere
591 3943 660 3988 non
688 3944 771 4005 opus
794 3928 852 3988 est.
903 3925 952 3988 De
974 3925 1012 3988 iis
1035 3925 1113 4006 quid
1135 3924 1344 3990 iudicandum
1367 3923 1423 4000 sit,
1446 3922 1525 3986 satis

234 4026 413 4105 apparebit,
435 4027 492 4090 ubi
510 4027 665 4108 exemplis
682 4027 877 4108 quibusdam
896 4027 985 4092 haud
1002 4027 1162 4109 ambiguis
1185 4025 1524 4102 demonstraverimus

234 4145 333 4207 quam
355 4127 512 4192 obscurus
533 4129 706 4212 Panyassis
728 4131 804 4194 inde
826 4131 869 4194 ab
892 4131 995 4194 altero
1017 4150 1049 4211 p.
1073 4130 1148 4194 Chr.
1171 4129 1301 4194 saeculo
1323 4128 1430 4192 fuerit.

320 4228 465 4292 Primum
485 4233 603 4294 testem
624 4232 820 4298 Pausaniam
843 4234 1007 4298 afferimus
1032 4231 1122 4296 illum
1142 4231 1274 4296 alterius
1299 4230 1418 4295 saeculi
1446 4231 1524 4295 scri·

234 4333 372 4412 ptorem,
392 4332 448 4413 qui
464 4352 537 4396 cum
553 4334 626 4414 plus
644 4336 744 4400 semel
762 4337 942 4418 Panyassin
960 4339 1202 4412 commemoret,
1221 4338 1332 4398 tamen
1347 4333 1419 4398 loco
1443 4352 1525 4414 quo-

324 4469 346 4536 Ι)
373 4471 414 4522 69.
432 4470 457 4522 4.
476 4471 500 4528 6.
518 4471 641 4530 Dindorf.
674 4469 807 4541 Ἀδριανὸς
829 4471 872 4525 τὸν
884 4469 1006 4542 Ὅμηρον
1029 4470 1167 4524 καταλύων
1187 4467 1344 4542 Ἀντίμαχον
1368 4467 1417 4523 ἀντ’
1446 4469 1526 4524 αὐτοῦ

234 4556 342 4625 einiger,
360 4551 390 4608 οὗ
410 4556 476 4627 μηδὲ
494 4556 524 4610 τὸ
542 4553 624 4624 ὄνομα
642 4558 733 4610 πολλοὶ
750 4557 873 4628 πρότιρον
890 4559 1038 4627 ἠπίσταντο.
