3604 5288
840 314 1051 379 ...78-

301 485 443 571 guens.¹)
476 485 590 568 Neque
612 505 651 550 ea
672 486 756 551 inter
778 505 813 550 se
836 485 1006 549 coniuncta
1027 487 1102 548 sunt
1124 484 1193 548 sine
1216 483 1390 548 manifesta
1411 483 1592 564 ignorantia

301 609 339 654 ac
361 586 605 674 neglegentia.²)
648 589 750 654 Plane
773 589 890 653 eadem
912 608 986 652 curn
1008 573 1090 652 ratio
1113 587 1182 651 eius
1204 586 1310 665 fuerit,
1340 605 1447 668 aquo
1471 585 1591 654 Suidae

302 693 343 758 de
366 696 474 757 aetate
496 692 585 756 locos
607 692 726 756 multos
748 691 859 773 inepta
880 691 1022 772 partium
1044 689 1269 754 coniunctione
1291 690 1486 771 depravatos
1508 687 1589 752 vidi-

301 815 384 873 mus
405 795 563 860 eiusmodi
580 793 668 876 apud
687 795 823 860 Suidam
838 794 917 858 vitia
931 793 988 858 uni
1003 793 1161 858 debemus
1172 793 1348 858 attribuere
1360 795 1458 872 atque
1475 791 1592 866 eidem,

302 899 357 979 qui
383 897 589 980 Panyassidis
619 898 720 963 vitam
750 898 933 979 composuit
961 896 1134 979 scriptores
1162 896 1245 960 duos
1278 895 1374 959 simul
1404 911 1589 974 excerpens,

388 1001 509 1065 Eorum
535 999 721 1066 testimonia
748 1019 836 1064 nunc
863 999 1023 1082 permixta
1043 1000 1110 1064 iarn
1131 1017 1283 1080 magnam
1310 1001 1438 1079 partem
1459 997 1505 1060 ita
1526 995 1592 1058 dis-

302 1103 389 1168 cerni
410 1107 548 1184 possunt
569 1108 605 1168 ut
626 1103 832 1186 perspicuum
855 1103 896 1166 sit
916 1107 991 1167 utro
1014 1122 1053 1166 ex
1076 1103 1166 1167 tonte
1188 1101 1401 1167 manaverint
1436 1098 1528 1176 Quae
1551 1097 1592 1160 de

301 1206 501 1289 Panyasside
522 1205 648 1271 minore
671 1206 820 1271 dicuntur
842 1210 874 1270 et
895 1206 997 1272 verba
1017 1203 1052 1291 ἦν
1076 1209 1122 1270 ἐπὶ
1143 1211 1201 1271 τῶν
1219 1206 1372 1292 Περσικῶν
1396 1221 1436 1267 ex
1459 1220 1497 1266 eo
1514 1199 1592 1264 sori-

301 1315 396 1390 ptore
419 1312 550 1390 sumpta
570 1312 661 1388 sunt,
691 1309 747 1390 qui
768 1309 984 1391 Panyassides
1013 1309 1146 1374 tradidit
1172 1309 1255 1374 duos
1280 1308 1382 1374 verba
1408 1305 1512 1390 γέγονε
1533 1305 1589 1388 γὰρ

304 1461 310 1476 .
336 1460 343 1475 .
369 1413 629 1501 ..πρεσβύτερος
662 1431 701 1477 ex
734 1412 837 1477 altero
870 1415 1002 1494 sumpta
1034 1415 1124 1491 sunt,
1163 1412 1216 1494 qui
1249 1410 1428 1492 Panyassin
1460 1407 1593 1473 tradidit

301 1532 413 1579 unum.
446 1515 499 1579 Ad
516 1515 655 1580 eundern
671 1515 809 1580 redeunt
825 1516 927 1580 verba
943 1515 1055 1603 ἔγραψε
1071 1518 1104 1580 δὲ
1121 1519 1171 1580 καὶ
1183 1511 1391 1602 Ἥρακλειάδα
1407 1516 1440 1578 et
1456 1511 1593 1576 verbum

301 1620 529 1702 τερατοσκόπος.
565 1616 686 1682 Contra
701 1617 745 1681 illi
765 1617 897 1682 attribui
919 1619 1051 1696 debent,
1073 1638 1157 1701 quae
1174 1619 1217 1682 ad
1232 1615 1438 1700 Panyessidis
1454 1617 1591 1696 patrem,

302 1721 451 1803 patriam,
474 1740 587 1786 necem
609 1720 768 1786 Herodoti
790 1721 1017 1802 cognationem
1038 1722 1210 1803 pertinent.
1243 1722 1291 1785 De
1313 1720 1364 1784 his
1386 1718 1473 1783 enim
1494 1716 1593 1780 rebus

303 1842 377 1887 eum
399 1822 516 1886 dubius
538 1842 606 1887 nou
627 1822 734 1902 fuerit,
756 1824 811 1905 qui
834 1843 889 1888 eas
911 1824 1044 1902 rettulit,
1065 1823 1153 1889 idem
1170 1824 1253 1888 duos
1269 1815 1475 1905 Panyassidis
1491 1817 1593 1883 tradi-

303 1925 385 1990 derit
419 1944 540 2006 eosque
573 1929 721 1991 accurate
755 1926 923 1991 distinctos
955 1946 1088 1992 necesse
1119 1930 1178 1992 est.
1230 1927 1283 1990 Ad
1315 1924 1416 1989 verba
1445 1923 1594 1991 Πανύασις

302 2029 483 2114 Πολυάρχου
505 2029 594 2109 apud
614 2028 701 2093 hunc
723 2029 912 2111 scriptorem
934 2030 1085 2095 adiuncta
1106 2030 1206 2096 fuisse
1223 2029 1325 2094 verba
1340 2030 1445 2111 Δοῦρις
1469 2028 1503 2091 δὲ
1519 2031 1592 2105 κτλ.,

304 2149 388 2211 quae
409 2149 496 2194 nunc
518 2135 667 2212 separata
689 2136 781 2211 sunt,
803 2133 948 2216 iamper
970 2154 1005 2198 se
1027 2135 1126 2215 patet.
1171 2131 1345 2209 Quomodo
1368 2129 1592 2195 distribuenda

302 2233 385 2298 inter
407 2233 490 2297 duos
512 2234 584 2298 illos
607 2235 779 2316 scriptores
802 2236 880 2315 sint,
910 2256 994 2319 quae
1016 2255 1083 2301 non
1111 2233 1449 2311 commemoravimus,
1478 2251 1594 2314 pamm

301 2337 412 2418 liquet.
435 2335 498 2413 Qui
511 2338 612 2403 verba
623 2340 733 2423 ὁμοίως
744 2341 782 2404 ’δὲ
796 2343 846 2404 καὶ
856 2335 1022 2422 Ἡρόδοτον
1033 2343 1083 2404 τὸν
1095 2339 1220 2425 Θούριον
1234 2338 1358 2420 primus
1372 2335 1509 2417 scripsit,
1524 2335 1592 2398 eius

303 2444 411 2504 aetate
432 2440 637 2504 Herodotum
658 2440 943 2505 Halicamasseum
964 2442 1130 2524 appellare
1148 2440 1296 2505 nondum
1316 2440 1472 2504 usitatum
1494 2437 1593 2516 fuit.³)

393 2611 412 2677 ι)
430 2628 457 2678 p.
475 2609 586 2664 co-oa.
605 2638 637 2648 -
656 2607 680 2678 ²)
697 2627 723 2678 r·
742 2611 784 2664 60·
803 2640 837 2649 -
854 2608 877 2677 3)
895 2627 921 2679 p·
942 2613 981 2670 ¹9·

730 3230 913 3338 atenac
947 3231 1212 3366 nspcsnn.

307 3453 328 3506 l.
356 3452 582 3506 Exordium...v
596 3489 1415 3509 ................................................
1446 3471 1472 3522 p.
1490 3455 1561 3509 3·6
1644 3494 1645 3498 η

305 3536 329 3589 i.
357 3537 396 3590 De
413 3537 523 3591 nomine
543 3575 654 3590 .......
667 3579 669 3584 .
682 3576 1416 3595 ..........................................
1446 3558 1473 3609 p.
1492 3539 1595 3593 7-12‘

306 3622 330 3674 3.
359 3621 397 3675 De
414 3622 502 3689 patria
507 3661 1415 3681 .....................................................
1446 3643 1473 3694 p.
1493 3625 1596 3680 12-20

304 3707 329 3759 4.
357 3707 396 3759 De
414 3712 501 3760 aetate
512 3747 1416 3766 ....................................................
1448 3729 1475 3780 p.
1493 3710 1596 3765 atr-48

305 3795 330 3846 5.
357 3792 397 3846 De
414 3792 586 3861 Panyussidis
603 3809 700 3861 genere
718 3800 823 3849 etcum
841 3797 980 3851 Herodoto
999 3799 1160 3867 cognatione
1165 3836 1415 3852 ...............
1446 3814 1473 3865 p.
1490 3795 1592 3850 48—57

305 3879 330 3931 6.
357 3879 396 3932 De
414 3877 577 3947 Panyasside
594 3878 757 3947 philosopho
772 3920 1417 3939 ......................................
1448 3900 1474 3951 p.
1492 3880 1595 3935 57—63

306 3964 330 4015 7.
357 3963 396 4016 De
414 3962 578 4032 Panyasside
595 3970 676 4032 poeta
686 4005 1417 4024 ...........................................
1448 3987 1474 4038 p.
1493 3965 1595 4021 63-72

305 4048 330 4102 8.
357 4049 470 4102 Summa
480 4089 1417 4109 .......................................................
1449 4071 1474 4123 p.
1494 4051 1596 4108 73-78

715 4301 1188 4408 *pff*—
