3604 5288
724 310 934 373 ..qq-

267 483 372 546 Locus
395 481 633 546 dubitationem
662 501 817 562 magnam
846 481 957 558 habet,
988 481 1064 562 quia
1085 481 1119 545 in
1146 482 1247 548 verba
1274 483 1380 566 πολλῷ
1407 505 1475 564 πρε-

181 590 321 676 σβύτερος
340 605 481 668 eaquae
498 589 677 666 sequuntur
695 603 763 648 non
785 584 991 662 conveniunt,
1014 603 1203 666 quanquam
1225 587 1423 648 conventura
1440 603 1475 647 se

180 690 289 754 verbis
321 693 371 754 καὶ
403 691 459 773 γάρ
492 688 646 752 indicant.
690 687 775 752 Nam
807 689 911 769 γέγονε
945 691 977 752 et
1010 675 1044 769 ἦν
1076 687 1187 765 verba,
1221 706 1295 750 curn
1324 687 1407 750 inter
1440 705 1475 750 se

182 792 415 874 respondeant,
444 791 488 856 ad
517 791 659 855 eundern
686 790 803 854 aetatis
833 790 970 870 gradum
992 790 1164 854 referenda
1186 793 1270 854 srmt.
1314 788 1475 852 Numerus

182 899 293 960 autem
323 894 515 976 olympiadis
546 895 587 958 78
619 893 767 958 codicum
798 893 945 956 omnium
976 912 1137 958 consensu
1171 896 1307 957 constat.
1362 892 1475 974 ltaque

182 1001 311 1062 tantum
327 997 443 1062 aetatis
460 997 643 1073 discrimen,
667 1000 826 1077 quantum
845 995 998 1061 hocloco
1021 997 1149 1060 astricte
1173 995 1353 1076 composito
1375 996 1476 1059 verba

180 1103 286 1187 πολλῷ
309 1101 507 1187 πρεσβύτερος
528 1099 705 1180 postulant,
727 1099 835 1163 verbis
858 1101 904 1163 ἐπὶ
926 1101 985 1164 τῶν
1007 1100 1159 1184 Περσικῶν
1181 1099 1270 1163 nullo
1292 1098 1392 1162 modo
1415 1098 1476 1162 ad·

181 1204 328 1280 mittitur,
351 1203 499 1284 quamvis
521 1202 615 1266 aliter
637 1202 702 1266 sint
723 1203 766 1266 ab
790 1203 860 1267 aliis
882 1201 1053 1266 intellecta.
1067 1201 1091 1285 ¹)
1135 1203 1171 1266 Si
1193 1202 1280 1266 enim
1302 1201 1345 1266 ad
1361 1200 1476 1265 Xerxis

183 1306 423 1388 expeditionem
443 1305 635 1381 refenmtur,
659 1306 798 1386 quaein
821 1306 862 1369 ol.
882 1306 932 1369 75.
954 1305 967 1367 l
995 1305 1118 1381 cecidit,
1140 1305 1240 1368 trium
1256 1304 1477 1386 olympiadum

182 1409 356 1473 discrimen
386 1408 532 1485 efficitur,
563 1408 663 1488 quod·
680 1408 776 1472 nimis
806 1407 957 1489 exiguum
987 1412 1037 1472 est
1065 1426 1165 1487 quam
1191 1411 1227 1471 ut
1248 1407 1349 1472 verbo
1371 1410 1476 1493 πολλῷ

182 1511 389 1592 respondeat.
423 1511 559 1574 Etiamsi
574 1513 684 1574 autem
699 1515 883 1592 propterea,
907 1510 996 1592 quod
1017 1510 1176 1575 Eusebius
1192 1510 1282 1574 Arm.
1306 1515 1338 1574 et
1359 1510 1476 1574 Hiero-

182 1633 299 1696 nymus
328 1613 509 1696 Panyassin
539 1613 581 1678 ol.
605 1614 646 1677 78
672 1613 695 1676 4
723 1613 881 1678 illustrem
915 1613 1029 1678 haberi
1060 1613 1180 1689 dicunt,
1213 1614 1314 1678 verba
1343 1616 1390 1678 ἐπὶ
1418 1615 1477 1678 τῶν

184 1718 334 1802 Περσικῶν
353 1717 396 1781 ad
414 1736 537 1781 annum
547 1735 677 1798 pugnae
688 1716 911 1781 Marathoniae
928 1717 1119 1794 refemntur,
1141 1735 1226 1798 quae
1243 1716 1285 1779 ol.
1299 1717 1350 1780 7a.
1370 1717 1390 1780 3
1407 1716 1476 1792 fuit,

181 1825 295 1885 tamen
323 1820 528 1884 interuallum
557 1820 636 1883 satis
666 1839 821 1900 magnum
849 1839 917 1883 non
947 1818 1099 1896 eflicitur,
1129 1822 1359 1901 praeterquam
1388 1819 1477 1900 quod

183 1923 246 1987 hoo
267 1922 339 1986 loco
362 1922 463 1987 verba
482 1925 602 1988 ἐπὶτῶν
621 1924 773 2007 Περσικῶν
796 1922 839 1986 ad
855 1922 934 1986 illud
950 1925 1080 2003 tempus
1098 1921 1345 2003 significandum
1361 1941 1477 2003 parurn

183 2025 355 2106 perspicua
384 2044 423 2088 ao
451 2043 585 2106 prorsus
614 2025 727 2104 inepta
757 2030 841 2089 sunt.
894 2025 1008 2104 Neque
1037 2044 1116 2089 vero
1144 2025 1296 2088 universa
1317 2024 1478 2089 bellorum

182 2126 389 2191 Persicorum
410 2130 502 2190 aetas
522 2127 665 2208 intellegi
686 2131 806 2207 potest,
829 2146 904 2190 cum
925 2127 996 2208 ipse
1017 2125 1108 2189 locus
1130 2127 1205 2190 huic
1220 2127 1478 2208 interpretationi

185 2230 303 2294 obstet.
348 2229 433 2294 Nam
460 2232 553 2294 aetas
580 2229 740 2293 bellorum
761 2228 965 2294 Persicorum
995 2232 1028 2292 et
1056 2231 1186 2309 tempus
1215 2227 1407 2310 olympiadis
1437 2231 1478 2294 78

186 2334 270 2398 inter
292 2353 327 2398 se
350 2333 471 2414 opponi
493 2335 650 2413 tanquam
668 2333 830 2397 contraria
846 2338 996 2414 tempora
1011 2351 1079 2395 non
1093 2335 1241 2413 possunt.
1276 2331 1366 2410 Quas
1383 2331 1478 2414 igitur

185 2437 360 2501 verborum
390 2439 437 2500 ἐπὶ
470 2437 528 2500 τῶν
560 2437 711 2521 Περσικῶν
745 2436 1028 2518 interpretationes
1062 2436 1332 2512 enumeravimus,
1365 2454 1479 2498 earum

184 2539 276 2604 nulla
297 2540 417 2604 idonea
439 2543 499 2616 est,
523 2558 589 2620 qua
610 2540 700 2604 locus
722 2542 865 2604 sanetur.
899 2539 973 2604 Alia
995 2543 1106 2604 autem
1127 2559 1169 2604 ne
1192 2538 1325 2620 cogitari
1347 2538 1479 2619 quidem

184 2642 248 2707 hoc
277 2643 349 2707 loco
378 2647 498 2723 polest.
543 2643 657 2723 ltaque
686 2661 759 2706 cum
786 2643 923 2706 verbum
952 2646 1068 2729 πολλῷ,
1099 2643 1227 2707 etiamsi
1252 2641 1318 2706 fide
1345 2641 1479 2722 dignum

184 2746 393 2810 iudicandum
427 2747 483 2823 sit,
521 2750 634 2810 tamen
668 2745 848 2809 absurdum
886 2746 1048 2824 videatur,
1086 2746 1195 2809 locum
1232 2745 1342 2825 aliquo
1378 2745 1478 2809 modo

185 2849 399 2928 depravatum
423 2868 495 2911 esse
517 2851 657 2928 oportet.
1030 2905 1035 2913 .

273 2948 345 3012 Hoc
362 2953 431 3012 tam
447 2949 658 3012 manifestum
681 2952 730 3012 est
751 2952 789 3012 ut
808 2967 869 3030 pro
893 2952 981 3012 certo
1003 2949 1118 3014 haberi
1139 2949 1268 3025 debeat,
1292 2966 1480 3029 quanquam

186 3055 321 3133 excepto
351 3070 417 3114 uno
447 3048 615 3134 Rohdio²)
645 3051 752 3115 adhuc
780 3071 877 3115 nemo
906 3051 1014 3115 locum
1042 3054 1186 3115 tractans
1215 3051 1258 3114 ad
1287 3051 1373 3114 hanc
1402 3069 1477 3114 sen-

185 3154 323 3218 tentiam
343 3155 502 3235 pervenit.
549 3153 778 3218 Demonstrare
800 3173 887 3233 vero,
918 3173 1062 3237 quonam
1089 3154 1167 3218 vitio
1194 3154 1286 3218 locus
1309 3156 1478 3234 corruptus

185 3257 236 3334 sit,
271 3277 291 3320 a
326 3276 392 3338 quo
430 3257 465 3320 in
492 3257 700 3340 Panyassidis
733 3260 876 3322 aetatem
913 3257 1114 3338 inquirentes
1154 3277 1269 3321 omnes
1311 3256 1479 3321 exordium

185 3363 403 3441 sumpserunt,
433 3379 531 3425 nemo
560 3379 706 3442 unquam
736 3365 871 3425 conatus
895 3363 954 3424 est.
1005 3360 1098 3438 Quae
1121 3361 1205 3425 enim
1229 3360 1379 3423 Rohdius
1399 3379 1478 3440 pro·

184 3462 267 3538 tulit,
290 3463 345 3544 qui
367 3463 437 3544 ipse
458 3483 529 3527 rem
551 3463 685 3527 dubiam
705 3463 910 3540 existimavit,
932 3484 1042 3528 merae
1059 3467 1134 3527 suut
1153 3463 1365 3527 coniecturae.
1410 3461 1477 3526 Diei

184 3565 280 3646 igitur
308 3565 360 3628 vix
390 3585 473 3648 opus
502 3570 561 3643 est,
590 3566 624 3629 id
651 3566 740 3646 quod
762 3566 927 3630 neminem
949 3566 995 3629 rei
1016 3585 1153 3648 gnarum
1175 3566 1316 3647 effugere
1337 3567 1478 3646 poterat,

185 3669 227 3732 de
248 3668 456 3750 Panyassidis
478 3673 586 3733 aetate
608 3669 720 3733 omnia
741 3669 849 3733 adhuc
871 3669 995 3732 incerta
1017 3668 1127 3733 luisse.

271 3908 292 3975 ¹)
319 3908 360 3962 Ad
388 3908 587 3976 expeditionem
609 3908 704 3965 Xerxis
731 3924 763 3962 ea
787 3908 888 3962 rettulit
910 3908 939 3962 E.
965 3909 1073 3973 Robde‚
1101 3907 1197 3962 Rhein.
1222 3907 1289 3961 llus.
1309 3907 1354 3972 33,
1382 3923 1408 3974 p.
1427 3907 1477 3959 907

185 3991 288 4062 (Γέγονε
309 3995 338 4048 irr
362 3995 414 4048 den
432 3994 613 4063 Biographica
636 3994 683 4048 des
701 3994 818 4062 Suidas).
860 3994 899 4048 De
923 3999 1045 4062 tempore
1066 4010 1174 4063 pugnae
1197 3993 1384 4047 Marathoniae
1406 3991 1477 4060 eogi-

184 4080 299 4132 tandum
316 4095 375 4134 esse
392 4081 497 4134 censuit
513 4079 590 4134 Ferd.
604 4080 702 4144 Naelre,
721 4079 837 4134 Choerili
855 4096 925 4148 quae
943 4085 1088 4147 supersunt
1105 4097 1131 4147 p.
1148 4081 1188 4133 15.
1214 4079 1295 4132 Hune
1312 4082 1420 4132 secutus
1438 4081 1479 4130 est

185 4163 214 4217 P.
232 4163 429 4230 Tzsobimerus,
451 4165 469 4219 l.
491 4183 513 4220 o.
536 4183 562 4234 p.
583 4166 622 4219 16.
662 4166 787 4219 Aetatem
809 4165 942 4218 bellorum
964 4165 1132 4219 Persicorum
1150 4165 1239 4218 verbis
1260 4162 1405 4232 significari
1423 4163 1479 4230 opi·

184 4254 265 4304 natus
283 4253 324 4302 est
340 4249 390 4302 Ad.
403 4249 501 4318 Bauer,
519 4251 653 4305 Herodots
669 4250 832 4319 Biographie
850 4268 876 4318 p.
893 4251 933 4303 tl.
961 4249 1037 4317 Quae
1055 4249 1247 4304 commentatio
1266 4254 1293 4304 et
1309 4250 1378 4304 inter
1392 4247 1479 4302 relati·

185 4350 251 4388 ones
261 4334 338 4388 class.
350 4333 415 4402 phil.
426 4350 458 4387 ac
466 4335 528 4388 hist.
539 4337 614 4388 acad.
623 4336 739 4389 Vindob.
754 4338 818 4389 anni
829 4336 896 4389 1878
906 4335 974 4405 (Vol.
985 4337 1025 4402 89,
1035 4338 1116 4406 paor
1125 4333 1196 4405 sqq.)
1207 4341 1234 4389 et
1245 4339 1371 4403 separata
1383 4337 1478 4388 exstat

271 4419 293 4485 ²)
319 4421 337 4473 l.
356 4437 378 4475 c.
396 4436 422 4488 p.
441 4419 500 4478 207.
539 4420 589 4486 ,Es
606 4420 642 4473 ist
658 4421 733 4475 nicht
750 4422 882 4491 moglich,
904 4422 933 4475 in
951 4423 1037 4476 dieser
1053 4422 1151 4475 bereits
1169 4436 1200 4475 so
1224 4419 1339 4473 viellach
1357 4419 1405 4472 hin
1422 4418 1479 4472 und

184 4504 234 4557 ber
250 4506 410 4572 gewandten
427 4505 505 4559 Notio
523 4505 574 4559 alle
591 4505 722 4560 Anstosse
740 4507 825 4561 durch
843 4507 967 4576 gunstige
984 4508 1141 4575 Auslegung
1158 4523 1189 4560 au
1207 4503 1377 4573 beseitigen.‘
