<?xml version="1.0" encoding="UTF-8"?>
<!DOCTYPE html PUBLIC "-//W3C//DTD XHTML 1.0 Transitional//EN"
    "http://www.w3.org/TR/xhtml1/DTD/xhtml1-transitional.dtd">
<html xmlns="http://www.w3.org/1999/xhtml" xml:lang="en" lang="en">
 <head>
  <title>
</title>
<meta http-equiv="Content-Type" content="text/html;charset=utf-8" />
  <meta name='ocr-system' content='tesseract 3.04.00' />
  <meta name='ocr-capabilities' content='ocr_page ocr_carea ocr_par ocr_line ocrx_word'/>
</head>
<body>
  <div class='ocr_page' id='page_1' title='image "./depanyasside00kraugoog_0071.png"; bbox 0 0 3604 5288; ppageno 0'>
   <div class='ocr_carea' id='block_1_1' title="bbox 834 279 1047 384">
    <p class='ocr_par' dir='ltr' id='par_1_1' title="bbox 834 279 1047 384">
     <span class='ocr_line' id='line_1_1' title="bbox 834 279 1047 384; baseline 0 -18"><span class='ocrx_word' id='word_1_1' title='bbox 834 357 875 366; x_wconf 86' lang='grc'>-</span> <span class='ocrx_word' id='word_1_2' title='bbox 920 279 1047 384; x_wconf 36' lang='grc' dir='ltr'>ὅθ’,</span> 
     </span>
    </p>
   </div>
   <div class='ocr_carea' id='block_1_2' title="bbox 293 490 1586 1294">
    <p class='ocr_par' dir='ltr' id='par_1_2' title="bbox 293 490 1586 1294">
     <span class='ocr_line' id='line_1_2' title="bbox 340 490 1585 572; baseline -0.002 -14"><span class='ocrx_word' id='word_1_3' title='bbox 340 545 341 548; x_wconf 63' lang='lat'>,</span> <span class='ocrx_word' id='word_1_4' title='bbox 383 493 449 559; x_wconf 88' lang='lat' dir='ltr'>Sed</span> <span class='ocrx_word' id='word_1_5' title='bbox 478 494 512 558; x_wconf 95' lang='lat' dir='ltr'>in</span> <span class='ocrx_word' id='word_1_6' title='bbox 541 494 650 557; x_wconf 89' lang='lat' dir='ltr'>animo</span> <span class='ocrx_word' id='word_1_7' title='bbox 679 492 775 556; x_wconf 90' lang='lat' dir='ltr'>nobis</span> <span class='ocrx_word' id='word_1_8' title='bbox 811 511 878 556; x_wconf 93' lang='lat' dir='ltr'>non</span> <span class='ocrx_word' id='word_1_9' title='bbox 907 495 957 556; x_wconf 89' lang='lat' dir='ltr'>est</span> <span class='ocrx_word' id='word_1_10' title='bbox 979 492 1157 556; x_wconf 81' lang='lat' dir='ltr'>accuratius</span> <span class='ocrx_word' id='word_1_11' title='bbox 1186 492 1425 568; x_wconf 88' lang='lat' dir='ltr'>demonstrare,</span> <span class='ocrx_word' id='word_1_12' title='bbox 1456 490 1585 572; x_wconf 90' lang='lat' dir='ltr'>qualem</span> 
     </span>
     <span class='ocr_line' id='line_1_3' title="bbox 295 593 1584 678; baseline -0.004 -17"><span class='ocrx_word' id='word_1_13' title='bbox 295 597 328 661; x_wconf 92' lang='lat' dir='ltr'>in</span> <span class='ocrx_word' id='word_1_14' title='bbox 355 597 545 678; x_wconf 81' lang='lat' dir='ltr'>fragmentis</span> <span class='ocrx_word' id='word_1_15' title='bbox 573 614 646 660; x_wconf 90' lang='lat' dir='ltr'>sese</span> <span class='ocrx_word' id='word_1_16' title='bbox 677 599 809 676; x_wconf 90' lang='lat' dir='ltr'>poetam</span> <span class='ocrx_word' id='word_1_17' title='bbox 839 594 1012 676; x_wconf 88' lang='lat' dir='ltr'>Panyassis</span> <span class='ocrx_word' id='word_1_18' title='bbox 1040 595 1211 676; x_wconf 89' lang='lat' dir='ltr'>praebeat,</span> <span class='ocrx_word' id='word_1_19' title='bbox 1247 614 1343 675; x_wconf 87' lang='lat' dir='ltr'>quern</span> <span class='ocrx_word' id='word_1_20' title='bbox 1374 593 1417 657; x_wconf 90' lang='lat' dir='ltr'>ad</span> <span class='ocrx_word' id='word_1_21' title='bbox 1447 612 1584 674; x_wconf 82' lang='lat' dir='ltr'>cognos-</span> 
     </span>
     <span class='ocr_line' id='line_1_4' title="bbox 296 695 1584 780; baseline -0.002 -17"><span class='ocrx_word' id='word_1_22' title='bbox 296 699 436 763; x_wconf 87' lang='lat' dir='ltr'>cendum</span> <span class='ocrx_word' id='word_1_23' title='bbox 458 702 556 780; x_wconf 89' lang='lat' dir='ltr'>atque</span> <span class='ocrx_word' id='word_1_24' title='bbox 579 697 830 763; x_wconf 88' lang='lat' dir='ltr'>existimandum</span> <span class='ocrx_word' id='word_1_25' title='bbox 852 701 888 761; x_wconf 90' lang='lat' dir='ltr'>ut</span> <span class='ocrx_word' id='word_1_26' title='bbox 910 696 964 762; x_wconf 91' lang='lat' dir='ltr'>illa</span> <span class='ocrx_word' id='word_1_27' title='bbox 984 696 1156 774; x_wconf 85' lang='lat' dir='ltr'>sufficiant,</span> <span class='ocrx_word' id='word_1_28' title='bbox 1178 697 1317 761; x_wconf 92' lang='lat' dir='ltr'>multum</span> <span class='ocrx_word' id='word_1_29' title='bbox 1333 697 1436 761; x_wconf 88' lang='lat' dir='ltr'>abest.</span> <span class='ocrx_word' id='word_1_30' title='bbox 1470 695 1584 760; x_wconf 89' lang='lat' dir='ltr'>Totius</span> 
     </span>
     <span class='ocr_line' id='line_1_5' title="bbox 294 798 1585 883; baseline -0.002 -19"><span class='ocrx_word' id='word_1_31' title='bbox 294 801 390 883; x_wconf 86' lang='lat' dir='ltr'>igitur</span> <span class='ocrx_word' id='word_1_32' title='bbox 425 820 509 882; x_wconf 90' lang='lat' dir='ltr'>quae</span> <span class='ocrx_word' id='word_1_33' title='bbox 545 800 760 882; x_wconf 81' lang='lat' dir='ltr'>proprietates</span> <span class='ocrx_word' id='word_1_34' title='bbox 796 819 834 864; x_wconf 92' lang='lat' dir='ltr'>ac</span> <span class='ocrx_word' id='word_1_35' title='bbox 870 800 1004 867; x_wconf 89' lang='lat' dir='ltr'>virtutes</span> <span class='ocrx_word' id='word_1_36' title='bbox 1040 799 1158 864; x_wconf 91' lang='lat' dir='ltr'>fuerint</span> <span class='ocrx_word' id='word_1_37' title='bbox 1194 799 1407 876; x_wconf 75' lang='lat' dir='ltr'>nesciremuS,</span> <span class='ocrx_word' id='word_1_38' title='bbox 1448 798 1510 862; x_wconf 88' lang='lat' dir='ltr'>nisi</span> <span class='ocrx_word' id='word_1_39' title='bbox 1542 798 1585 862; x_wconf 92' lang='lat' dir='ltr'>de</span> 
     </span>
     <span class='ocr_line' id='line_1_6' title="bbox 293 901 1586 984; baseline -0.002 -17"><span class='ocrx_word' id='word_1_40' title='bbox 293 904 331 968; x_wconf 91' lang='lat' dir='ltr'>iis</span> <span class='ocrx_word' id='word_1_41' title='bbox 359 904 587 969; x_wconf 82' lang='lat' dir='ltr'>existimatoris</span> <span class='ocrx_word' id='word_1_42' title='bbox 615 903 733 967; x_wconf 89' lang='lat' dir='ltr'>veteris</span> <span class='ocrx_word' id='word_1_43' title='bbox 762 903 916 968; x_wconf 90' lang='lat' dir='ltr'>iudicium</span> <span class='ocrx_word' id='word_1_44' title='bbox 948 906 1088 967; x_wconf 88' lang='lat' dir='ltr'>exstaret</span> <span class='ocrx_word' id='word_1_45' title='bbox 1116 902 1259 984; x_wconf 92' lang='lat' dir='ltr'>Dionysii</span> <span class='ocrx_word' id='word_1_46' title='bbox 1284 901 1523 966; x_wconf 89' lang='lat' dir='ltr'>Halicarnassei</span> <span class='ocrx_word' id='word_1_47' title='bbox 1553 905 1586 964; x_wconf 90' lang='lat' dir='ltr'>et</span> 
     </span>
     <span class='ocr_line' id='line_1_7' title="bbox 294 1004 1585 1086; baseline -0.003 -15"><span class='ocrx_word' id='word_1_48' title='bbox 294 1007 483 1086; x_wconf 86' lang='lat' dir='ltr'>Quintiliani</span> <span class='ocrx_word' id='word_1_49' title='bbox 500 1005 693 1072; x_wconf 87' lang='lat' dir='ltr'>testimoniis</span> <span class='ocrx_word' id='word_1_50' title='bbox 712 1005 877 1070; x_wconf 90' lang='lat' dir='ltr'>traditum.</span> <span class='ocrx_word' id='word_1_51' title='bbox 913 1004 1059 1083; x_wconf 88' lang='lat' dir='ltr'>Quorum</span> <span class='ocrx_word' id='word_1_52' title='bbox 1076 1005 1253 1070; x_wconf 89' lang='lat' dir='ltr'>sententias</span> <span class='ocrx_word' id='word_1_53' title='bbox 1270 1024 1369 1086; x_wconf 86' lang='lat' dir='ltr'>saepe</span> <span class='ocrx_word' id='word_1_54' title='bbox 1389 1004 1433 1068; x_wconf 94' lang='lat' dir='ltr'>ad</span> <span class='ocrx_word' id='word_1_55' title='bbox 1448 1004 1585 1068; x_wconf 88' lang='lat' dir='ltr'>verbum</span> 
     </span>
     <span class='ocr_line' id='line_1_8' title="bbox 293 1107 1585 1189; baseline -0.002 -17"><span class='ocrx_word' id='word_1_56' title='bbox 293 1110 377 1174; x_wconf 89' lang='lat' dir='ltr'>inter</span> <span class='ocrx_word' id='word_1_57' title='bbox 399 1130 434 1174; x_wconf 90' lang='lat' dir='ltr'>se</span> <span class='ocrx_word' id='word_1_58' title='bbox 457 1109 694 1186; x_wconf 89' lang='lat' dir='ltr'>convenientes,</span> <span class='ocrx_word' id='word_1_59' title='bbox 717 1113 753 1172; x_wconf 92' lang='lat' dir='ltr'>ut</span> <span class='ocrx_word' id='word_1_60' title='bbox 773 1128 840 1172; x_wconf 92' lang='lat' dir='ltr'>uno</span> <span class='ocrx_word' id='word_1_61' title='bbox 864 1112 1042 1189; x_wconf 88' lang='lat' dir='ltr'>conspectu</span> <span class='ocrx_word' id='word_1_62' title='bbox 1059 1108 1242 1188; x_wconf 89' lang='lat' dir='ltr'>comparari</span> <span class='ocrx_word' id='word_1_63' title='bbox 1262 1107 1404 1188; x_wconf 84' lang='lat' dir='ltr'>possint,</span> <span class='ocrx_word' id='word_1_64' title='bbox 1426 1107 1479 1171; x_wconf 89' lang='lat' dir='ltr'>hic</span> <span class='ocrx_word' id='word_1_65' title='bbox 1501 1107 1585 1170; x_wconf 90' lang='lat' dir='ltr'>inter</span> 
     </span>
     <span class='ocr_line' id='line_1_9' title="bbox 294 1213 1063 1294; baseline 0 -19"><span class='ocrx_word' id='word_1_66' title='bbox 294 1231 330 1276; x_wconf 88' lang='lat' dir='ltr'>se</span> <span class='ocrx_word' id='word_1_67' title='bbox 353 1213 562 1294; x_wconf 88' lang='lat' dir='ltr'>opponimus:</span> <span class='ocrx_word' id='word_1_68' title='bbox 1060 1237 1063 1242; x_wconf 94' lang='lat'>·</span> 
     </span>
    </p>
   </div>
   <div class='ocr_carea' id='block_1_3' title="bbox 292 1346 1584 3163">
    <p class='ocr_par' dir='ltr' id='par_1_3' title="bbox 294 1346 1583 1532">
     <span class='ocr_line' id='line_1_10' title="bbox 335 1346 1582 1436; baseline -0.003 -24"><span class='ocrx_word' id='word_1_69' title='bbox 335 1347 466 1429; x_wconf 78' lang='lat' dir='ltr'>Dionys</span> <span class='ocrx_word' id='word_1_70' title='bbox 489 1347 562 1413; x_wconf 85' lang='lat' dir='ltr'>Hal.</span> <span class='ocrx_word' id='word_1_71' title='bbox 584 1351 643 1414; x_wconf 81' lang='grc' dir='ltr'>τῶν</span> <span class='ocrx_word' id='word_1_72' title='bbox 666 1350 800 1436; x_wconf 81' lang='grc' dir='ltr'>ἀρχαίων</span> <span class='ocrx_word' id='word_1_73' title='bbox 824 1350 912 1433; x_wconf 78' lang='grc' dir='ltr'>κρίσις</span> <span class='ocrx_word' id='word_1_74' title='bbox 949 1376 952 1383; x_wconf 95' lang='grc'><strong><em>·</em></strong></span> <span class='ocrx_word' id='word_1_75' title='bbox 1008 1347 1141 1426; x_wconf 84' lang='lat' dir='ltr'>Quintil.</span> <span class='ocrx_word' id='word_1_76' title='bbox 1164 1347 1237 1412; x_wconf 82' lang='lat' dir='ltr'>inst.</span> <span class='ocrx_word' id='word_1_77' title='bbox 1261 1367 1307 1412; x_wconf 88' lang='lat' dir='ltr'>or.</span> <span class='ocrx_word' id='word_1_78' title='bbox 1331 1346 1370 1410; x_wconf 88' lang='lat' dir='ltr'>X.</span> <span class='ocrx_word' id='word_1_79' title='bbox 1397 1348 1424 1410; x_wconf 89' lang='lat' dir='ltr'>l.</span> <span class='ocrx_word' id='word_1_80' title='bbox 1444 1346 1582 1410; x_wconf 63' lang='lat'><strong>52-54.</strong></span> 
     </span>
     <span class='ocr_line' id='line_1_11' title="bbox 294 1449 1583 1532; baseline -0.003 -16"><span class='ocrx_word' id='word_1_81' title='bbox 294 1452 332 1516; x_wconf 87' lang='lat' dir='ltr'>ll.</span> <span class='ocrx_word' id='word_1_82' title='bbox 356 1451 386 1514; x_wconf 67' lang='lat' dir='ltr'>h.</span> <span class='ocrx_word' id='word_1_83' title='bbox 410 1451 440 1514; x_wconf 87' lang='lat'>3.</span> <span class='ocrx_word' id='word_1_84' title='bbox 463 1450 493 1514; x_wconf 72' lang='lat'>4.</span> <span class='ocrx_word' id='word_1_85' title='bbox 517 1471 548 1532; x_wconf 91' lang='lat' dir='ltr'>p.</span> <span class='ocrx_word' id='word_1_86' title='bbox 571 1450 635 1515; x_wconf 79' lang='lat'>415</span> <span class='ocrx_word' id='word_1_87' title='bbox 657 1451 722 1515; x_wconf 89' lang='lat' dir='ltr'>R.·</span> <span class='ocrx_word' id='word_1_88' title='bbox 1006 1451 1096 1516; x_wconf 91' lang='lat' dir='ltr'>Raro</span> <span class='ocrx_word' id='word_1_89' title='bbox 1130 1452 1269 1532; x_wconf 82' lang='lat' dir='ltr'>assurgit</span> <span class='ocrx_word' id='word_1_90' title='bbox 1301 1449 1464 1515; x_wconf 90' lang='lat' dir='ltr'>Hesiodus</span> <span class='ocrx_word' id='word_1_91' title='bbox 1490 1469 1583 1529; x_wconf 85' lang='lat' dir='ltr'>mag-</span> 
     </span>
    </p>

    <p class='ocr_par' dir='ltr' id='par_1_4' title="bbox 292 1550 1584 2150">
     <span class='ocr_line' id='line_1_12' title="bbox 333 1550 1584 1641; baseline -0.003 -23"><span class='ocrx_word' id='word_1_92' title='bbox 333 1551 475 1624; x_wconf 78' lang='grc' dir='ltr'>Ἡσίοδος</span> <span class='ocrx_word' id='word_1_93' title='bbox 489 1556 541 1639; x_wconf 82' lang='grc' dir='ltr'>μὲν</span> <span class='ocrx_word' id='word_1_94' title='bbox 554 1556 609 1639; x_wconf 79' lang='grc' dir='ltr'>γὰρ</span> <span class='ocrx_word' id='word_1_95' title='bbox 622 1557 789 1641; x_wconf 77' lang='grc' dir='ltr'>ἐφρόντισεν</span> <span class='ocrx_word' id='word_1_96' title='bbox 803 1555 912 1639; x_wconf 79' lang='grc' dir='ltr'>ἡδονῆς</span> <span class='ocrx_word' id='word_1_97' title='bbox 964 1574 1072 1635; x_wconf 88' lang='lat' dir='ltr'>naque</span> <span class='ocrx_word' id='word_1_98' title='bbox 1107 1574 1183 1635; x_wconf 90' lang='lat' dir='ltr'>pars</span> <span class='ocrx_word' id='word_1_99' title='bbox 1219 1555 1287 1618; x_wconf 90' lang='lat' dir='ltr'>eius</span> <span class='ocrx_word' id='word_1_100' title='bbox 1325 1553 1359 1616; x_wconf 94' lang='lat' dir='ltr'>in</span> <span class='ocrx_word' id='word_1_101' title='bbox 1396 1550 1584 1616; x_wconf 88' lang='lat' dir='ltr'>nominibus</span> 
     </span>
     <span class='ocr_line' id='line_1_13' title="bbox 292 1652 1583 1742; baseline -0.004 -21"><span class='ocrx_word' id='word_1_102' title='bbox 292 1660 342 1721; x_wconf 88' lang='grc' dir='ltr'>καὶ</span> <span class='ocrx_word' id='word_1_103' title='bbox 374 1654 526 1741; x_wconf 82' lang='grc' dir='ltr'>ὀνομάτων</span> <span class='ocrx_word' id='word_1_104' title='bbox 558 1659 706 1742; x_wconf 82' lang='grc' dir='ltr'>λειότητος</span> <span class='ocrx_word' id='word_1_105' title='bbox 732 1659 781 1721; x_wconf 81' lang='grc' dir='ltr'>καὶ</span> <span class='ocrx_word' id='word_1_106' title='bbox 811 1657 912 1722; x_wconf 68' lang='lat' dir='ltr'>cordi·</span> <span class='ocrx_word' id='word_1_107' title='bbox 964 1661 1014 1721; x_wconf 80' lang='lat' dir='ltr'>est</span> <span class='ocrx_word' id='word_1_108' title='bbox 1037 1661 1209 1739; x_wconf 81' lang='lat' dir='ltr'>occupata3</span> <span class='ocrx_word' id='word_1_109' title='bbox 1237 1660 1349 1721; x_wconf 84' lang='lat' dir='ltr'>tamen</span> <span class='ocrx_word' id='word_1_110' title='bbox 1376 1655 1471 1720; x_wconf 87' lang='lat' dir='ltr'>utiles</span> <span class='ocrx_word' id='word_1_111' title='bbox 1500 1652 1583 1717; x_wconf 85' lang='lat' dir='ltr'>circa</span> 
     </span>
     <span class='ocr_line' id='line_1_14' title="bbox 294 1757 1583 1843; baseline -0.003 -19"><span class='ocrx_word' id='word_1_112' title='bbox 294 1784 370 1830; x_wconf 85' lang='grc' dir='ltr'>οεως</span> <span class='ocrx_word' id='word_1_113' title='bbox 394 1761 550 1843; x_wconf 78' lang='grc' dir='ltr'>ἐμμελοῦς.</span> <span class='ocrx_word' id='word_1_114' title='bbox 963 1764 1137 1842; x_wconf 91' lang='lat' dir='ltr'>praecepta</span> <span class='ocrx_word' id='word_1_115' title='bbox 1178 1759 1358 1824; x_wconf 90' lang='lat' dir='ltr'>sententiae</span> <span class='ocrx_word' id='word_1_116' title='bbox 1403 1757 1583 1836; x_wconf 88' lang='lat' dir='ltr'>levitasque</span> 
     </span>
     <span class='ocr_line' id='line_1_15' title="bbox 963 1861 1583 1944; baseline -0.008 -17"><span class='ocrx_word' id='word_1_117' title='bbox 963 1864 1138 1927; x_wconf 88' lang='lat' dir='ltr'>verborum</span> <span class='ocrx_word' id='word_1_118' title='bbox 1168 1867 1200 1926; x_wconf 94' lang='lat' dir='ltr'>et</span> <span class='ocrx_word' id='word_1_119' title='bbox 1232 1861 1475 1944; x_wconf 85' lang='lat' dir='ltr'>compositionis</span> <span class='ocrx_word' id='word_1_120' title='bbox 1504 1879 1583 1941; x_wconf 91' lang='lat' dir='ltr'>pro·</span> 
     </span>
     <span class='ocr_line' id='line_1_16' title="bbox 963 1962 1582 2047; baseline -0.005 -18"><span class='ocrx_word' id='word_1_121' title='bbox 963 1966 1090 2044; x_wconf 87' lang='lat' dir='ltr'>babilis,</span> <span class='ocrx_word' id='word_1_122' title='bbox 1114 1967 1272 2046; x_wconf 91' lang='lat' dir='ltr'>daturque</span> <span class='ocrx_word' id='word_1_123' title='bbox 1296 1965 1326 2029; x_wconf 92' lang='lat' dir='ltr'>ei</span> <span class='ocrx_word' id='word_1_124' title='bbox 1343 1964 1454 2047; x_wconf 87' lang='lat' dir='ltr'>palma</span> <span class='ocrx_word' id='word_1_125' title='bbox 1476 1962 1509 2026; x_wconf 93' lang='lat' dir='ltr'>in</span> <span class='ocrx_word' id='word_1_126' title='bbox 1527 1962 1582 2027; x_wconf 92' lang='lat' dir='ltr'>illo</span> 
     </span>
     <span class='ocr_line' id='line_1_17' title="bbox 963 2068 1373 2150; baseline 0 -18"><span class='ocrx_word' id='word_1_127' title='bbox 963 2069 1072 2133; x_wconf 89' lang='lat' dir='ltr'>medio</span> <span class='ocrx_word' id='word_1_128' title='bbox 1094 2089 1212 2150; x_wconf 83' lang='lat' dir='ltr'>genere</span> <span class='ocrx_word' id='word_1_129' title='bbox 1235 2068 1373 2132; x_wconf 89' lang='lat' dir='ltr'>dicendi.</span> 
     </span>
    </p>

    <p class='ocr_par' dir='ltr' id='par_1_5' title="bbox 960 2169 1584 3163">
     <span class='ocr_line' id='line_1_18' title="bbox 1007 2169 1584 2236; baseline -0.005 0"><span class='ocrx_word' id='word_1_130' title='bbox 1007 2172 1129 2236; x_wconf 87' lang='lat' dir='ltr'>Contra</span> <span class='ocrx_word' id='word_1_131' title='bbox 1161 2172 1195 2235; x_wconf 92' lang='lat' dir='ltr'>in</span> <span class='ocrx_word' id='word_1_132' title='bbox 1228 2170 1424 2235; x_wconf 89' lang='lat' dir='ltr'>Antimacho</span> <span class='ocrx_word' id='word_1_133' title='bbox 1461 2169 1510 2233; x_wconf 91' lang='lat' dir='ltr'>vis</span> <span class='ocrx_word' id='word_1_134' title='bbox 1550 2173 1584 2234; x_wconf 86' lang='lat' dir='ltr'>et</span> 
     </span>
     <span class='ocr_line' id='line_1_19' title="bbox 962 2272 1581 2356; baseline -0.003 -17"><span class='ocrx_word' id='word_1_135' title='bbox 962 2274 1103 2356; x_wconf 79' lang='lat' dir='ltr'>gravitas</span> <span class='ocrx_word' id='word_1_136' title='bbox 1134 2279 1166 2338; x_wconf 89' lang='lat' dir='ltr'>et</span> <span class='ocrx_word' id='word_1_137' title='bbox 1192 2274 1326 2338; x_wconf 90' lang='lat' dir='ltr'>minime</span> <span class='ocrx_word' id='word_1_138' title='bbox 1352 2272 1483 2354; x_wconf 83' lang='lat' dir='ltr'>vulgare</span> <span class='ocrx_word' id='word_1_139' title='bbox 1512 2273 1581 2337; x_wconf 90' lang='lat' dir='ltr'>elo·</span> 
     </span>
     <span class='ocr_line' id='line_1_20' title="bbox 963 2375 1582 2460; baseline -0.006 -18"><span class='ocrx_word' id='word_1_140' title='bbox 963 2378 1083 2458; x_wconf 88' lang='lat' dir='ltr'>quendi</span> <span class='ocrx_word' id='word_1_141' title='bbox 1104 2397 1205 2460; x_wconf 84' lang='lat' dir='ltr'>genus</span> <span class='ocrx_word' id='word_1_142' title='bbox 1222 2378 1323 2442; x_wconf 92' lang='lat' dir='ltr'>habet</span> <span class='ocrx_word' id='word_1_143' title='bbox 1340 2377 1480 2442; x_wconf 88' lang='lat' dir='ltr'>laudern.</span> <span class='ocrx_word' id='word_1_144' title='bbox 1515 2375 1582 2440; x_wconf 89' lang='lat' dir='ltr'>Sed</span> 
     </span>
     <span class='ocr_line' id='line_1_21' title="bbox 963 2480 1581 2562; baseline -0.003 -18"><span class='ocrx_word' id='word_1_145' title='bbox 963 2481 1110 2562; x_wconf 88' lang='lat' dir='ltr'>quamvis</span> <span class='ocrx_word' id='word_1_146' title='bbox 1138 2481 1167 2544; x_wconf 91' lang='lat' dir='ltr'>ei</span> <span class='ocrx_word' id='word_1_147' title='bbox 1194 2481 1354 2546; x_wconf 87' lang='lat' dir='ltr'>secundas</span> <span class='ocrx_word' id='word_1_148' title='bbox 1382 2480 1450 2544; x_wconf 84' lang='lat' dir='ltr'>fere</span> <span class='ocrx_word' id='word_1_149' title='bbox 1472 2497 1581 2560; x_wconf 82' lang='lat' dir='ltr'>gram-</span> 
     </span>
     <span class='ocr_line' id='line_1_22' title="bbox 960 2583 1582 2659; baseline -0.005 -12"><span class='ocrx_word' id='word_1_150' title='bbox 960 2583 1154 2647; x_wconf 87' lang='lat' dir='ltr'>maticorum</span> <span class='ocrx_word' id='word_1_151' title='bbox 1176 2603 1354 2649; x_wconf 89' lang='lat' dir='ltr'>consensus</span> <span class='ocrx_word' id='word_1_152' title='bbox 1378 2583 1516 2659; x_wconf 86' lang='lat' dir='ltr'>deferat,</span> <span class='ocrx_word' id='word_1_153' title='bbox 1549 2585 1582 2644; x_wconf 89' lang='lat' dir='ltr'>et</span> 
     </span>
     <span class='ocr_line' id='line_1_23' title="bbox 961 2684 1578 2750; baseline -0.002 -1"><span class='ocrx_word' id='word_1_154' title='bbox 961 2685 1130 2750; x_wconf 88' lang='lat' dir='ltr'>affectibus</span> <span class='ocrx_word' id='word_1_155' title='bbox 1158 2690 1191 2750; x_wconf 91' lang='lat' dir='ltr'>et</span> <span class='ocrx_word' id='word_1_156' title='bbox 1220 2685 1418 2750; x_wconf 90' lang='lat' dir='ltr'>iucunditate</span> <span class='ocrx_word' id='word_1_157' title='bbox 1447 2689 1479 2750; x_wconf 90' lang='lat' dir='ltr'>et</span> <span class='ocrx_word' id='word_1_158' title='bbox 1510 2684 1578 2748; x_wconf 88' lang='lat' dir='ltr'>dis-</span> 
     </span>
     <span class='ocr_line' id='line_1_24' title="bbox 960 2787 1578 2870; baseline -0.002 -17"><span class='ocrx_word' id='word_1_159' title='bbox 960 2789 1121 2870; x_wconf 90' lang='lat' dir='ltr'>positione</span> <span class='ocrx_word' id='word_1_160' title='bbox 1139 2793 1171 2854; x_wconf 93' lang='lat' dir='ltr'>et</span> <span class='ocrx_word' id='word_1_161' title='bbox 1185 2789 1318 2853; x_wconf 91' lang='lat' dir='ltr'>omnino</span> <span class='ocrx_word' id='word_1_162' title='bbox 1335 2792 1403 2853; x_wconf 86' lang='lat' dir='ltr'>arte</span> <span class='ocrx_word' id='word_1_163' title='bbox 1421 2787 1578 2864; x_wconf 89' lang='lat' dir='ltr'>deficitur,</span> 
     </span>
     <span class='ocr_line' id='line_1_25' title="bbox 960 2891 1580 2974; baseline -0.006 -17"><span class='ocrx_word' id='word_1_164' title='bbox 960 2897 995 2957; x_wconf 90' lang='lat' dir='ltr'>ut</span> <span class='ocrx_word' id='word_1_165' title='bbox 1039 2893 1136 2974; x_wconf 89' lang='lat' dir='ltr'>plane</span> <span class='ocrx_word' id='word_1_166' title='bbox 1187 2891 1361 2956; x_wconf 85' lang='lat' dir='ltr'>manifesto</span> <span class='ocrx_word' id='word_1_167' title='bbox 1406 2893 1580 2973; x_wconf 85' lang='lat' dir='ltr'>appareat,</span> 
     </span>
     <span class='ocr_line' id='line_1_26' title="bbox 960 2995 1577 3076; baseline -0.006 -16"><span class='ocrx_word' id='word_1_168' title='bbox 960 3000 1082 3076; x_wconf 91' lang='lat' dir='ltr'>quanto</span> <span class='ocrx_word' id='word_1_169' title='bbox 1110 2995 1151 3059; x_wconf 89' lang='lat' dir='ltr'>sit</span> <span class='ocrx_word' id='word_1_170' title='bbox 1179 2995 1267 3061; x_wconf 90' lang='lat' dir='ltr'>aliud</span> <span class='ocrx_word' id='word_1_171' title='bbox 1288 2995 1477 3076; x_wconf 83' lang='lat' dir='ltr'>proximum</span> <span class='ocrx_word' id='word_1_172' title='bbox 1495 3012 1577 3070; x_wconf 88' lang='lat' dir='ltr'>esse,</span> 
     </span>
     <span class='ocr_line' id='line_1_27' title="bbox 960 3099 1259 3163; baseline 0 -1"><span class='ocrx_word' id='word_1_173' title='bbox 960 3099 1048 3162; x_wconf 90' lang='lat' dir='ltr'>aliud</span> <span class='ocrx_word' id='word_1_174' title='bbox 1071 3099 1259 3163; x_wconf 89' lang='lat' dir='ltr'>secundum.</span> 
     </span>
    </p>
   </div>
   <div class='ocr_carea' id='block_1_4' title="bbox 291 2171 911 2462">
    <p class='ocr_par' dir='ltr' id='par_1_6' title="bbox 291 2171 911 2462">
     <span class='ocr_line' id='line_1_28' title="bbox 335 2171 909 2258; baseline 0 -22"><span class='ocrx_word' id='word_1_175' title='bbox 335 2171 512 2258; x_wconf 80' lang='grc' dir='ltr'>Ἀντίμαχος</span> <span class='ocrx_word' id='word_1_176' title='bbox 540 2173 573 2236; x_wconf 81' lang='grc' dir='ltr'>δὲ</span> <span class='ocrx_word' id='word_1_177' title='bbox 596 2171 727 2242; x_wconf 81' lang='grc' dir='ltr'>εὐτονίας</span> <span class='ocrx_word' id='word_1_178' title='bbox 755 2173 805 2234; x_wconf 81' lang='grc' dir='ltr'>καὶ</span> <span class='ocrx_word' id='word_1_179' title='bbox 828 2173 909 2253; x_wconf 75' lang='grc' dir='ltr'>ἀγω-</span> 
     </span>
     <span class='ocr_line' id='line_1_29' title="bbox 291 2274 911 2362; baseline -0.002 -23"><span class='ocrx_word' id='word_1_180' title='bbox 291 2279 414 2359; x_wconf 78' lang='grc' dir='ltr'>νιστικῆς</span> <span class='ocrx_word' id='word_1_181' title='bbox 430 2276 612 2362; x_wconf 78' lang='grc' dir='ltr'>τραχύτητος</span> <span class='ocrx_word' id='word_1_182' title='bbox 628 2277 678 2338; x_wconf 84' lang='grc' dir='ltr'>καὶ</span> <span class='ocrx_word' id='word_1_183' title='bbox 694 2274 747 2339; x_wconf 76' lang='grc' dir='ltr'>τοῦ</span> <span class='ocrx_word' id='word_1_184' title='bbox 765 2275 911 2358; x_wconf 75' lang='grc' dir='ltr'>συνήθους</span> 
     </span>
     <span class='ocr_line' id='line_1_30' title="bbox 291 2378 535 2462; baseline -0.008 -22"><span class='ocrx_word' id='word_1_185' title='bbox 291 2379 342 2461; x_wconf 69' lang='grc' dir='ltr'>τῆς</span> <span class='ocrx_word' id='word_1_186' title='bbox 364 2378 535 2462; x_wconf 74' lang='grc' dir='ltr'>ἐξαλλαγῆς.</span> 
     </span>
    </p>
   </div>
   <div class='ocr_carea' id='block_1_5' title="bbox 289 3196 908 3488">
    <p class='ocr_par' dir='ltr' id='par_1_7' title="bbox 289 3196 908 3488">
     <span class='ocr_line' id='line_1_31' title="bbox 333 3196 908 3284; baseline -0.003 -20"><span class='ocrx_word' id='word_1_187' title='bbox 333 3199 481 3270; x_wconf 82' lang='grc' dir='ltr'>Πανύασις</span> <span class='ocrx_word' id='word_1_188' title='bbox 500 3200 533 3262; x_wconf 81' lang='grc' dir='ltr'>δὲ</span> <span class='ocrx_word' id='word_1_189' title='bbox 551 3196 602 3268; x_wconf 83' lang='grc' dir='ltr'>τάς</span> <span class='ocrx_word' id='word_1_190' title='bbox 620 3221 652 3261; x_wconf 80' lang='grc' dir='ltr'>τε</span> <span class='ocrx_word' id='word_1_191' title='bbox 672 3199 781 3284; x_wconf 82' lang='grc' dir='ltr'>ἀμφοῖν</span> <span class='ocrx_word' id='word_1_192' title='bbox 803 3199 908 3281; x_wconf 81' lang='grc' dir='ltr'>ἀρετὰς</span> 
     </span>
     <span class='ocr_line' id='line_1_32' title="bbox 289 3300 908 3386; baseline -0.005 -20"><span class='ocrx_word' id='word_1_193' title='bbox 289 3302 432 3386; x_wconf 71' lang='grc' dir='ltr'>ἠνέγκατο</span> <span class='ocrx_word' id='word_1_194' title='bbox 457 3304 506 3366; x_wconf 85' lang='grc' dir='ltr'>καὶ</span> <span class='ocrx_word' id='word_1_195' title='bbox 529 3300 626 3365; x_wconf 76' lang='grc' dir='ltr'>αὐτῶν</span> <span class='ocrx_word' id='word_1_196' title='bbox 649 3302 834 3384; x_wconf 72' lang='grc' dir='ltr'>πραγματεία</span> <span class='ocrx_word' id='word_1_197' title='bbox 857 3301 908 3365; x_wconf 83' lang='grc' dir='ltr'>καί</span> 
     </span>
     <span class='ocr_line' id='line_1_33' title="bbox 290 3403 906 3488; baseline -0.003 -20"><span class='ocrx_word' id='word_1_198' title='bbox 290 3405 327 3488; x_wconf 75' lang='grc' dir='ltr'>τῇ</span> <span class='ocrx_word' id='word_1_199' title='bbox 356 3403 420 3468; x_wconf 84' lang='grc' dir='ltr'>κατ’</span> <span class='ocrx_word' id='word_1_200' title='bbox 450 3405 536 3468; x_wconf 76' lang='grc' dir='ltr'>αὐτὸν</span> <span class='ocrx_word' id='word_1_201' title='bbox 565 3405 719 3488; x_wconf 73' lang='grc' dir='ltr'>οἰκονομία</span> <span class='ocrx_word' id='word_1_202' title='bbox 749 3406 906 3487; x_wconf 70' lang='grc' dir='ltr'>διήνεγκεν.</span> 
     </span>
    </p>
   </div>
   <div class='ocr_carea' id='block_1_6' title="bbox 959 3198 1581 3695">
    <p class='ocr_par' dir='ltr' id='par_1_8' title="bbox 959 3198 1581 3695">
     <span class='ocr_line' id='line_1_34' title="bbox 1002 3198 1579 3284; baseline -0.005 -19"><span class='ocrx_word' id='word_1_203' title='bbox 1002 3201 1191 3284; x_wconf 88' lang='lat' dir='ltr'>Panyassin,</span> <span class='ocrx_word' id='word_1_204' title='bbox 1215 3221 1255 3265; x_wconf 87' lang='lat' dir='ltr'>ex</span> <span class='ocrx_word' id='word_1_205' title='bbox 1276 3205 1414 3281; x_wconf 88' lang='lat' dir='ltr'>utroque</span> <span class='ocrx_word' id='word_1_206' title='bbox 1431 3198 1579 3276; x_wconf 86' lang='lat' dir='ltr'>mixtum,</span> 
     </span>
     <span class='ocr_line' id='line_1_35' title="bbox 959 3303 1581 3386; baseline -0.002 -18"><span class='ocrx_word' id='word_1_207' title='bbox 959 3309 1077 3386; x_wconf 88' lang='lat' dir='ltr'>putant</span> <span class='ocrx_word' id='word_1_208' title='bbox 1119 3305 1153 3369; x_wconf 92' lang='lat' dir='ltr'>in</span> <span class='ocrx_word' id='word_1_209' title='bbox 1202 3303 1385 3384; x_wconf 89' lang='lat' dir='ltr'>eloquendo</span> <span class='ocrx_word' id='word_1_210' title='bbox 1434 3303 1581 3368; x_wconf 88' lang='lat' dir='ltr'>neutrius</span> 
     </span>
     <span class='ocr_line' id='line_1_36' title="bbox 960 3407 1580 3488; baseline 0 -19"><span class='ocrx_word' id='word_1_211' title='bbox 960 3425 1100 3488; x_wconf 88' lang='lat' dir='ltr'>aequare</span> <span class='ocrx_word' id='word_1_212' title='bbox 1122 3407 1272 3484; x_wconf 77' lang='lat' dir='ltr'>virtuteS,</span> <span class='ocrx_word' id='word_1_213' title='bbox 1301 3407 1438 3471; x_wconf 90' lang='lat' dir='ltr'>alterum</span> <span class='ocrx_word' id='word_1_214' title='bbox 1467 3410 1580 3470; x_wconf 87' lang='lat' dir='ltr'>tamen</span> 
     </span>
     <span class='ocr_line' id='line_1_37' title="bbox 961 3507 1580 3591; baseline -0.003 -18"><span class='ocrx_word' id='word_1_215' title='bbox 961 3509 1003 3573; x_wconf 91' lang='lat' dir='ltr'>ab</span> <span class='ocrx_word' id='word_1_216' title='bbox 1016 3529 1055 3574; x_wconf 92' lang='lat' dir='ltr'>eo</span> <span class='ocrx_word' id='word_1_217' title='bbox 1066 3510 1212 3588; x_wconf 86' lang='lat' dir='ltr'>materia,</span> <span class='ocrx_word' id='word_1_218' title='bbox 1231 3510 1368 3574; x_wconf 89' lang='lat' dir='ltr'>alterurn</span> <span class='ocrx_word' id='word_1_219' title='bbox 1385 3507 1580 3591; x_wconf 88' lang='lat' dir='ltr'>disponendi</span> 
     </span>
     <span class='ocr_line' id='line_1_38' title="bbox 960 3612 1263 3695; baseline 0.01 -19"><span class='ocrx_word' id='word_1_220' title='bbox 960 3612 1085 3677; x_wconf 89' lang='lat' dir='ltr'>ratione</span> <span class='ocrx_word' id='word_1_221' title='bbox 1108 3613 1263 3695; x_wconf 89' lang='lat' dir='ltr'>superari.</span> 
     </span>
    </p>
   </div>
   <div class='ocr_carea' id='block_1_7' title="bbox 289 3745 1580 4244">
    <p class='ocr_par' dir='ltr' id='par_1_9' title="bbox 289 3745 1580 3989">
     <span class='ocr_line' id='line_1_39' title="bbox 375 3745 1580 3819; baseline 0.005 -23"><span class='ocrx_word' id='word_1_222' title='bbox 375 3745 443 3806; x_wconf 90' lang='lat' dir='ltr'>Eos,</span> <span class='ocrx_word' id='word_1_223' title='bbox 462 3746 586 3812; x_wconf 86' lang='lat' dir='ltr'>quamvis</span> <span class='ocrx_word' id='word_1_224' title='bbox 603 3746 737 3815; x_wconf 87' lang='lat' dir='ltr'>simplices</span> <span class='ocrx_word' id='word_1_225' title='bbox 754 3746 902 3812; x_wconf 86' lang='lat' dir='ltr'>videantur,</span> <span class='ocrx_word' id='word_1_226' title='bbox 919 3753 1011 3802; x_wconf 90' lang='lat' dir='ltr'>tamen</span> <span class='ocrx_word' id='word_1_227' title='bbox 1029 3755 1085 3804; x_wconf 86' lang='lat' dir='ltr'>arte</span> <span class='ocrx_word' id='word_1_228' title='bbox 1103 3755 1184 3819; x_wconf 89' lang='lat' dir='ltr'>atque</span> <span class='ocrx_word' id='word_1_229' title='bbox 1203 3749 1315 3804; x_wconf 93' lang='lat' dir='ltr'>consilio</span> <span class='ocrx_word' id='word_1_230' title='bbox 1333 3766 1390 3804; x_wconf 88' lang='lat' dir='ltr'>non</span> <span class='ocrx_word' id='word_1_231' title='bbox 1408 3765 1499 3804; x_wconf 91' lang='lat' dir='ltr'>carere</span> <span class='ocrx_word' id='word_1_232' title='bbox 1516 3765 1580 3802; x_wconf 89' lang='lat' dir='ltr'>con·</span> 
     </span>
     <span class='ocr_line' id='line_1_40' title="bbox 290 3830 1579 3904; baseline 0.004 -20"><span class='ocrx_word' id='word_1_233' title='bbox 290 3831 375 3895; x_wconf 86' lang='lat' dir='ltr'>cedes,</span> <span class='ocrx_word' id='word_1_234' title='bbox 393 3830 441 3883; x_wconf 89' lang='lat' dir='ltr'>ubi</span> <span class='ocrx_word' id='word_1_235' title='bbox 459 3846 521 3883; x_wconf 88' lang='lat' dir='ltr'>cum</span> <span class='ocrx_word' id='word_1_236' title='bbox 538 3831 570 3884; x_wconf 91' lang='lat' dir='ltr'>iis</span> <span class='ocrx_word' id='word_1_237' title='bbox 582 3831 686 3885; x_wconf 89' lang='lat' dir='ltr'>Horatii</span> <span class='ocrx_word' id='word_1_238' title='bbox 703 3848 797 3886; x_wconf 84' lang='lat' dir='ltr'>versus</span> <span class='ocrx_word' id='word_1_239' title='bbox 815 3831 903 3902; x_wconf 90' lang='lat' dir='ltr'>(epod.</span> <span class='ocrx_word' id='word_1_240' title='bbox 913 3834 994 3888; x_wconf 86' lang='lat' dir='ltr'>XVII.</span> <span class='ocrx_word' id='word_1_241' title='bbox 1004 3836 1117 3901; x_wconf 84' lang='lat'>65-69)</span> <span class='ocrx_word' id='word_1_242' title='bbox 1136 3835 1281 3890; x_wconf 86' lang='lat' dir='ltr'>contuleris</span> <span class='ocrx_word' id='word_1_243' title='bbox 1299 3841 1326 3890; x_wconf 88' lang='lat' dir='ltr'>et</span> <span class='ocrx_word' id='word_1_244' title='bbox 1338 3835 1467 3890; x_wconf 88' lang='lat' dir='ltr'>materiae</span> <span class='ocrx_word' id='word_1_245' title='bbox 1482 3851 1579 3904; x_wconf 77' lang='lat' dir='ltr'>genere</span> 
     </span>
     <span class='ocr_line' id='line_1_41' title="bbox 289 3916 1579 3989; baseline 0.004 -20"><span class='ocrx_word' id='word_1_246' title='bbox 289 3920 316 3970; x_wconf 89' lang='lat' dir='ltr'>et</span> <span class='ocrx_word' id='word_1_247' title='bbox 329 3931 456 3970; x_wconf 89' lang='lat' dir='ltr'>versuum</span> <span class='ocrx_word' id='word_1_248' title='bbox 468 3916 550 3970; x_wconf 86' lang='lat' dir='ltr'>initiis</span> <span class='ocrx_word' id='word_1_249' title='bbox 562 3922 619 3971; x_wconf 90' lang='lat' dir='ltr'>tam</span> <span class='ocrx_word' id='word_1_250' title='bbox 633 3917 739 3982; x_wconf 86' lang='lat' dir='ltr'>similes,</span> <span class='ocrx_word' id='word_1_251' title='bbox 757 3919 875 3972; x_wconf 85' lang='lat' dir='ltr'>utillum</span> <span class='ocrx_word' id='word_1_252' title='bbox 888 3919 1016 3974; x_wconf 87' lang='lat' dir='ltr'>Horatius</span> <span class='ocrx_word' id='word_1_253' title='bbox 1027 3922 1223 3989; x_wconf 86' lang='lat' dir='ltr'>propemodum</span> <span class='ocrx_word' id='word_1_254' title='bbox 1237 3921 1361 3976; x_wconf 84' lang='lat' dir='ltr'>videatur</span> <span class='ocrx_word' id='word_1_255' title='bbox 1372 3921 1493 3976; x_wconf 86' lang='lat' dir='ltr'>imitatus</span> <span class='ocrx_word' id='word_1_256' title='bbox 1507 3937 1579 3974; x_wconf 85' lang='lat' dir='ltr'>esse:</span> 
     </span>
    </p>

    <p class='ocr_par' dir='ltr' id='par_1_10' title="bbox 598 4002 1217 4244">
     <span class='ocr_line' id='line_1_42' title="bbox 670 4002 1207 4074; baseline 0.007 -17"><span class='ocrx_word' id='word_1_257' title='bbox 670 4002 755 4072; x_wconf 87' lang='lat' dir='ltr'>Optat</span> <span class='ocrx_word' id='word_1_258' title='bbox 772 4004 889 4073; x_wconf 87' lang='lat' dir='ltr'>quietem</span> <span class='ocrx_word' id='word_1_259' title='bbox 906 4005 1012 4074; x_wconf 88' lang='lat' dir='ltr'>Pelopis</span> <span class='ocrx_word' id='word_1_260' title='bbox 1029 4007 1106 4060; x_wconf 89' lang='lat' dir='ltr'>infidi</span> <span class='ocrx_word' id='word_1_261' title='bbox 1123 4011 1207 4074; x_wconf 87' lang='lat' dir='ltr'>pater,</span> 
     </span>
     <span class='ocr_line' id='line_1_43' title="bbox 598 4088 1217 4160; baseline 0.003 -18"><span class='ocrx_word' id='word_1_262' title='bbox 598 4088 686 4157; x_wconf 76' lang='lat' dir='ltr'>Egens</span> <span class='ocrx_word' id='word_1_263' title='bbox 703 4089 837 4158; x_wconf 75' lang='lat' dir='ltr'>benignae</span> <span class='ocrx_word' id='word_1_264' title='bbox 854 4090 986 4146; x_wconf 76' lang='lat' dir='ltr'>Tantalus</span> <span class='ocrx_word' id='word_1_265' title='bbox 1003 4107 1109 4159; x_wconf 86' lang='lat' dir='ltr'>semper</span> <span class='ocrx_word' id='word_1_266' title='bbox 1126 4091 1217 4160; x_wconf 87' lang='lat' dir='ltr'>dapis;</span> 
     </span>
     <span class='ocr_line' id='line_1_44' title="bbox 600 4173 1114 4244; baseline 0.004 -16"><span class='ocrx_word' id='word_1_267' title='bbox 600 4173 683 4242; x_wconf 87' lang='lat' dir='ltr'>Optat</span> <span class='ocrx_word' id='word_1_268' title='bbox 700 4175 877 4229; x_wconf 87' lang='lat' dir='ltr'>Prometheus</span> <span class='ocrx_word' id='word_1_269' title='bbox 895 4175 1032 4244; x_wconf 77' lang='lat' dir='ltr'>obligatus</span> <span class='ocrx_word' id='word_1_270' title='bbox 1050 4177 1114 4242; x_wconf 86' lang='lat' dir='ltr'>aliti,</span> 
     </span>
    </p>
   </div>
   <div class='ocr_carea' id='block_1_8' title="bbox 599 4259 1125 4332">
    <p class='ocr_par' dir='ltr' id='par_1_11' title="bbox 599 4259 1125 4332">
     <span class='ocr_line' id='line_1_45' title="bbox 599 4259 1125 4332; baseline 0.004 -18"><span class='ocrx_word' id='word_1_271' title='bbox 599 4259 683 4328; x_wconf 85' lang='lat' dir='ltr'>Optat</span> <span class='ocrx_word' id='word_1_272' title='bbox 699 4276 825 4328; x_wconf 89' lang='lat' dir='ltr'>supremo</span> <span class='ocrx_word' id='word_1_273' title='bbox 844 4262 977 4316; x_wconf 86' lang='lat' dir='ltr'>collocare</span> <span class='ocrx_word' id='word_1_274' title='bbox 995 4261 1125 4332; x_wconf 83' lang='lat' dir='ltr'>Sisyphus</span> 
     </span>
    </p>
   </div>
   <div class='ocr_carea' id='block_1_9' title="bbox 597 4346 862 4401">
    <p class='ocr_par' dir='ltr' id='par_1_12' title="bbox 597 4346 862 4401">
     <span class='ocr_line' id='line_1_46' title="bbox 597 4346 862 4401; baseline 0 -1"><span class='ocrx_word' id='word_1_275' title='bbox 597 4346 630 4400; x_wconf 90' lang='lat' dir='ltr'>ln</span> <span class='ocrx_word' id='word_1_276' title='bbox 647 4351 740 4400; x_wconf 84' lang='lat' dir='ltr'>monte</span> <span class='ocrx_word' id='word_1_277' title='bbox 757 4363 862 4401; x_wconf 83' lang='lat' dir='ltr'>saxum.</span> 
     </span>
    </p>
   </div>
   <div class='ocr_carea' id='block_1_10' title="bbox 290 4428 1580 4590">
    <p class='ocr_par' dir='ltr' id='par_1_13' title="bbox 290 4428 1580 4590">
     <span class='ocr_line' id='line_1_47' title="bbox 376 4428 1579 4498; baseline 0.005 -16"><span class='ocrx_word' id='word_1_278' title='bbox 376 4428 512 4484; x_wconf 83' lang='lat' dir='ltr'>Orationis</span> <span class='ocrx_word' id='word_1_279' title='bbox 528 4431 643 4498; x_wconf 74' lang='lat' dir='ltr'>figuram</span> <span class='ocrx_word' id='word_1_280' title='bbox 666 4432 704 4486; x_wconf 87' lang='lat' dir='ltr'>rei</span> <span class='ocrx_word' id='word_1_281' title='bbox 728 4434 935 4487; x_wconf 86' lang='lat' dir='ltr'>accomodatam</span> <span class='ocrx_word' id='word_1_282' title='bbox 958 4449 1017 4488; x_wconf 80' lang='lat' dir='ltr'>esse</span> <span class='ocrx_word' id='word_1_283' title='bbox 1034 4434 1206 4490; x_wconf 82' lang='lat' dir='ltr'>manifestum</span> <span class='ocrx_word' id='word_1_284' title='bbox 1224 4442 1273 4490; x_wconf 89' lang='lat' dir='ltr'>est.</span> <span class='ocrx_word' id='word_1_285' title='bbox 1308 4435 1344 4489; x_wconf 88' lang='lat' dir='ltr'>Ut</span> <span class='ocrx_word' id='word_1_286' title='bbox 1361 4435 1433 4490; x_wconf 90' lang='lat' dir='ltr'>enirn</span> <span class='ocrx_word' id='word_1_287' title='bbox 1450 4435 1579 4489; x_wconf 83' lang='lat' dir='ltr'>Horatius</span> 
     </span>
     <span class='ocr_line' id='line_1_48' title="bbox 290 4513 1580 4590; baseline 0.005 -23"><span class='ocrx_word' id='word_1_288' title='bbox 290 4514 325 4567; x_wconf 88' lang='lat' dir='ltr'>ad</span> <span class='ocrx_word' id='word_1_289' title='bbox 347 4513 442 4583; x_wconf 86' lang='lat' dir='ltr'>quietis</span> <span class='ocrx_word' id='word_1_290' title='bbox 466 4515 627 4570; x_wconf 87' lang='lat' dir='ltr'>desiderium</span> <span class='ocrx_word' id='word_1_291' title='bbox 649 4518 858 4586; x_wconf 86' lang='lat' dir='ltr'>praedicandum</span> <span class='ocrx_word' id='word_1_292' title='bbox 884 4524 960 4587; x_wconf 88' lang='lat' dir='ltr'>optat</span> <span class='ocrx_word' id='word_1_293' title='bbox 981 4520 1094 4574; x_wconf 84' lang='lat' dir='ltr'>verbum</span> <span class='ocrx_word' id='word_1_294' title='bbox 1117 4521 1159 4575; x_wconf 89' lang='lat' dir='ltr'>his</span> <span class='ocrx_word' id='word_1_295' title='bbox 1176 4521 1353 4590; x_wconf 76' lang='lat' dir='ltr'>redintegrat,</span> <span class='ocrx_word' id='word_1_296' title='bbox 1379 4520 1418 4574; x_wconf 90' lang='lat' dir='ltr'>ita</span> <span class='ocrx_word' id='word_1_297' title='bbox 1435 4521 1580 4590; x_wconf 85' lang='lat' dir='ltr'>Panyassis</span> 
     </span>
    </p>
   </div>
   <div class='ocr_carea' id='block_1_11' title="bbox 0 0 1806 5288">
    <p class='ocr_par' dir='ltr' id='par_1_14' title="bbox 0 0 1806 5288">
     <span class='ocr_line' id='line_1_49' title="bbox 0 0 1806 5288; baseline 0 2"><span class='ocrx_word' id='word_1_298' title='bbox 0 0 1806 5288; x_wconf 95' lang='lat' dir='ltr'> </span> 
     </span>
    </p>
   </div>
  </div>
 </body>
</html>
