3604 5288
740 309 952 373 „39-

203 501 318 546 omnes
341 481 461 562 effugit,
485 481 578 562 quasi
600 484 676 545 ante
699 481 810 546 oculos
831 481 940 563 posita
962 485 1021 558 est,
1044 481 1101 546 ubi
1122 481 1265 563 primum
1287 500 1327 544 ea
1345 481 1497 545 animad-

201 584 351 661 verteris⁹
386 603 470 665 quae
503 584 592 664 apud
623 583 801 648 Eudociam
836 583 876 648 de
912 583 1062 648 Choerilo
1100 583 1212 648 Samio
1248 583 1407 664 leguntur.
1465 583 1499 646 ls

203 688 289 752 enim
319 687 407 769 apud
429 687 529 764 hanc,
551 705 626 750 cum
648 685 773 750 dicatur
795 686 982 750 comoedias
993 685 1017 770 ¹)
1041 687 1217 768 scripsisse,
1246 705 1320 750 cum
1342 685 1493 750 Choerilo

202 791 326 856 comico
349 790 502 854 confusus
525 793 583 853 est.
625 789 662 852 ln
683 789 815 870 reliquis
838 792 949 853 autem
971 790 1013 854 de
1036 789 1192 855 Choerilis
1215 790 1323 866 rebus
1346 789 1497 869 quamvis

201 893 411 976 perturbatae
434 892 506 969 sint,
529 892 673 956 Eudocia
696 911 769 955 curn
792 891 894 956 Suida
916 892 1074 956 convenit.
1111 892 1254 973 Uterque
1277 892 1364 955 enirn
1387 891 1497 956 Choe-

201 998 298 1062 rilum
315 997 474 1078 tragicum
491 1016 512 1060 a
526 995 657 1076 reliquis
675 993 832 1058 Choerills
848 997 1037 1075 separatum
1054 999 1181 1073 tractat,
1198 998 1335 1076 uterque
1351 995 1498 1059 lasseum.

195 1121 277 1165 rcum
299 1099 411 1164 Samio
434 1098 613 1176 confundit,
634 1101 771 1178 uterque
794 1097 935 1162 Choerili
957 1098 1072 1163 comici
1093 1117 1216 1162 nomen
1238 1097 1367 1161 omittit.
1401 1098 1499 1161 Unde

202 1223 276 1268 oum
303 1205 461 1285 appareat
486 1221 557 1266 rem
582 1200 807 1282 perturbatam
829 1218 901 1264 esse
923 1219 990 1263 non
1012 1202 1055 1264 ab
1078 1201 1116 1264 ils
1138 1200 1227 1282 ipsis
1251 1201 1309 1265 sed
1331 1221 1352 1264 a
1375 1200 1498 1265 Suidae

201 1310 344 1384 auctore,
363 1305 451 1387 apud
468 1303 604 1369 Suidam
621 1321 751 1384 quoque
768 1301 954 1366 Choerilum
971 1302 1119 1367 Samium
1134 1306 1264 1384 oportet
1281 1323 1354 1366 cum
1371 1303 1495 1368 comico

202 1409 373 1473 confusum
400 1427 481 1472 csse.
532 1405 667 1471 Confusi
693 1405 788 1486 igitur
814 1405 903 1485 apud
931 1405 1066 1470 Suidam
1094 1405 1236 1471 Choerili
1263 1410 1339 1471 sunt
1366 1406 1495 1471 Samius

201 1512 322 1593 epicos,
351 1509 560 1575 Atheniensis
590 1508 742 1586 comicus,
771 1507 900 1573 Iasseus
929 1509 1048 1589 epicus.
1103 1509 1231 1590 Integer
1258 1529 1296 1574 ac
1325 1514 1495 1592 separatus

202 1614 290 1679 solus
313 1613 432 1678 mansit
455 1611 623 1677 Choerilus
645 1610 854 1674 Atheniensis
876 1611 1026 1692 tragicus.
1066 1611 1193 1677 Horum
1216 1617 1324 1677 autem
1349 1614 1495 1678 omnium

201 1735 298 1782 nemo
315 1715 357 1779 ol.
371 1717 411 1780 75
429 1713 689 1780 adolescentulus
704 1713 804 1777 fuisse
820 1717 930 1794 potest
942 1713 1004 1777 nisi
1019 1715 1160 1779 comicus
1173 1714 1295 1780 Cratini
1309 1714 1495 1802 aequalis.²)

201 1820 286 1884 Nam
315 1818 454 1899 tragicus
482 1817 549 1882 iam
578 1817 620 1881 ol.
650 1817 692 1880 70
720 1816 866 1881 fabulam
894 1816 1013 1881 docuit.
1022 1814 1050 1901 ³)
1107 1817 1246 1897 Samius,
1277 1838 1376 1900 quem
1405 1820 1497 1885 Sami

203 1940 410 1986 commorans
432 1921 597 2003 Lysander
625 1920 666 1984 ol.
691 1921 732 1984 93
759 1923 896 1984 exeunte
921 1921 988 1984 fere
1013 1939 1143 2001 semper
1166 1940 1277 1985 secum
1299 1922 1495 2006 habuerit‚⁴)

205 2028 279 2089 ante
301 2023 342 2088 ol.
367 2024 408 2088 75
433 2027 530 2088 natus
552 2023 684 2104 cogitari
707 2042 774 2086 non
796 2026 915 2104 potest.
959 2023 1086 2086 lasseus
1108 2023 1285 2088 Alexandri
1306 2025 1414 2106 Magni
1436 2026 1497 2090 tuit

204 2125 358 2211 comes.⁵)
406 2126 575 2191 Pertinent
603 2126 699 2208 igitur
725 2127 826 2189 verba
857 2127 904 2190 ἐπὶ
932 2129 966 2191 δὲ
995 2129 1053 2190 τῶν
1083 2127 1236 2211 Περσικῶν
1266 2132 1309 2191 οε’
1341 2130 1497 2212 ὀλυμπιάδι

202 2233 352 2295 νεανίσκον
375 2226 432 2313 ἤδη
456 2229 530 2293 εἶναι
552 2229 595 2294 ad
618 2228 805 2293 Choerilum
827 2227 996 2305 comicum,
1018 2247 1087 2292 non
1109 2229 1152 2292 ad
1174 2228 1331 2293 Samium.

288 2333 333 2396 At
363 2332 464 2396 verba
495 2333 633 2415 γενέσθαι
667 2334 700 2396 δὲ
733 2333 809 2396 κατὰ
842 2333 991 2396 Πανύαοιν
1024 2338 1084 2403 τοῖς
1117 2332 1234 2418 χρόνοις
1266 2331 1300 2396 in
1332 2334 1495 2398 neminem

203 2436 427 2501 Choerilorum
448 2435 511 2499 nisi
533 2435 567 2499 in
589 2435 737 2499 Samium
760 2435 970 2513 conveniunt,
1002 2435 1057 2516 qui
1077 2438 1115 2499 ut
1138 2435 1246 2515 epicus
1270 2435 1494 2502 Choerilorum

202 2539 348 2602 omnium
387 2538 475 2602 solus
513 2537 649 2602 idoneus
687 2537 797 2615 fuerit,
837 2558 935 2619 quem
968 2537 1176 2620 Panyassidis
1209 2539 1292 2620 epici
1324 2541 1496 2622 aequalem

203 2642 356 2707 dicerent.

288 2743 340 2807 Ad
371 2763 468 2824 quem
500 2743 617 2807 aetatis
650 2743 787 2824 gradum
815 2744 953 2808 verbum
984 2745 1123 2825 γενέσθαι
1161 2747 1298 2824 spectet,
1340 2750 1496 2811 notumne

203 2845 389 2910 Choerilum
418 2865 490 2910 esse
518 2865 561 2909 an
588 2849 697 2909 aetate
724 2847 872 2911 tlomisse
902 2866 946 2910 an
968 2845 1100 2910 omnino
1123 2847 1294 2928 aequalem
1317 2848 1416 2913 luisse
1438 2850 1496 2913 de·

203 2948 313 3025 claret,
336 2948 470 3012 dubium
493 2953 635 3026 maneat,
659 2968 732 3012 cum
754 2949 946 3026 nesciamus
970 2967 1013 3012 an
1033 2949 1200 3030 quondam
1218 2949 1281 3014 hoc
1298 2951 1435 3015 verbum
1453 2952 1497 3017 ad

203 3051 397 3133 olympiadis
425 3071 599 3116 numerium
627 3071 714 3116 nunc
744 3052 901 3116 omissum
931 3052 1131 3132 pertinuerit.
1180 3051 1381 3134 Olympiadis
1409 3055 1496 3119 enim

290 3307 312 3378 ¹)
338 3311 439 3364 Eudoo.
457 3309 519 3363 viol.
539 3311 581 3363 ed.
599 3309 682 3364 llaeh
700 3326 726 3379 p.
746 3310 809 3364 742:
829 3310 924 3380 ἔγραψε
942 3310 970 3362 δὲ
989 3309 1122 3367 ἐπιστολὰς
1139 3310 1235 3369 πολλὰς
1253 3310 1296 3363 καὶ
1315 3311 1495 3380 ἐπιγράμματα

201 3395 245 3448 καί
262 3396 409 3466 κωμῳδίας.
437 3395 538 3450 Flachii
556 3395 647 3463 opinio
667 3395 787 3450 arbitrati
805 3396 874 3449 haec
891 3396 975 3449 verba
992 3412 1007 3449 e
1025 3387 1087 3449 ¹vitis
1106 3412 1176 3464 quae
1195 3397 1359 3450 antecedunt
1376 3396 1494 3450 Christo·

202 3481 261 3534 dori
278 3487 305 3535 et
322 3481 470 3536 Chionidae
487 3496 628 3548 perperam
645 3480 675 3534 in
692 3480 830 3535 Choerilos
848 3481 980 3536 translata
998 3497 1056 3535 esse
1074 3481 1132 3534 sine
1149 3481 1232 3534 dubio
1252 3480 1319 3534 falsa
1338 3486 1386 3535 est.
1414 3481 1495 3548 Quod

201 3567 273 3620 enim
290 3569 358 3622 haec
376 3569 459 3622 rerba
477 3568 549 3634 apud
567 3567 817 3622 Pseudoeudociam
833 3567 971 3635 leguntur,
995 3567 1024 3620 in
1042 3565 1141 3620 Suidae
1163 3567 1301 3621 codicibus
1318 3567 1419 3621 nostris
1437 3584 1494 3622 nou

201 3652 278 3717 item,
300 3653 398 3706 mirum
423 3652 506 3706 videri
524 3653 569 3706 vix
587 3658 683 3721 potest,
703 3669 764 3706 cum
783 3654 818 3706 ad
837 3652 991 3707 Choerilum
1008 3653 1131 3707 Samium
1148 3653 1234 3706 relata
1250 3652 1331 3706 nimis
1348 3654 1492 3708 manifesto

200 3736 293 3805 inepta
310 3738 364 3791 sint
382 3755 466 3806 quarn
484 3743 514 3792 ut
530 3738 591 3791 ideo
611 3738 712 3792 omissa
730 3755 788 3792 esse
806 3756 863 3792 non
880 3739 993 3808 possint.
1021 3738 1092 3792 Nihil
1111 3744 1152 3792 est
1169 3739 1250 3807 igitur
1267 3741 1341 3808 quod
1359 3757 1392 3793 ea
1409 3756 1495 3809 quon-

201 3823 265 3876 dam
288 3824 359 3890 apud
378 3823 490 3877 Suidam
512 3825 581 3877 lecta
604 3839 663 3878 esse
685 3841 822 3892 negemus.
864 3825 906 3879 Ad
925 3824 1062 3878 Choerilus
1085 3829 1176 3879 autem
1201 3841 1233 3878 ea
1255 3826 1387 3892 pertinere
1411 3827 1495 3879 verbo

201 3909 340 3978 κωμῳδίας
363 3913 465 3962 certum
487 3915 528 3962 est
554 3911 628 3977 quod
654 3914 685 3962 ut
706 3909 741 3962 ad
765 3909 918 3963 Choerilum
946 3910 1079 3964 cornicum
1101 3911 1249 3964 referamus
1271 3928 1333 3964 curn
1355 3911 1439 3980 ipsius
1462 3913 1495 3965 de

202 3992 330 4048 Choerilis
347 3993 399 4047 loci
417 3999 515 4048 natura
532 3997 591 4046 tum
608 3994 691 4047 verba
715 3995 755 4047 ίπί
774 3995 800 4047 δὲ
819 3997 871 4048 τῶν
890 3993 1021 4066 Περσικῶν
1040 3997 1171 4048 νεανίσκον
1189 3993 1241 4066 ἤδη
1261 3996 1325 4049 ιίνιιι
1349 3997 1496 4064 postulant.

286 4077 309 4146 ί)
335 4079 450 4148 Hesyoh.
469 4079 588 4148 Χοίριλον
604 4077 780 4149 Ἐκφοιντίδος·
798 4075 934 4150 Κρατῖνος
957 4081 1000 4134 τὸν
1019 4078 1195 4154 Ἐκφαντίδος·
1218 4081 1300 4142 οὕτως
1323 4082 1393 4136 εἶπεν
1417 4082 1495 4136 αὐτὸν

203 4164 246 4216 τὸν
265 4163 396 4235 Χοίριλον.

286 4247 309 4318 3)
337 4251 410 4304 Suid.
435 4269 456 4310 s,
470 4269 508 4306 v.:
537 4251 671 4324 Πρατίνας.
696 4253 884 4325 ἀντηρωνίζιτο
908 4249 1055 4324 δἈίοχύλιρ
1078 4273 1105 4306 τε
1130 4255 1174 4306 καὶ
1196 4252 1309 4326 Χοιρίλῳ
1337 4255 1377 4307 ίιιί
1399 4257 1445 4324 τῆς
1468 4251 1489 4305 o'

202 4335 365 4404 ὀλυμπιάδος.

287 4420 310 4489 ⁴)
338 4423 371 4476 cl.
389 4423 486 4488 Naelre,
506 4441 532 4493 p.
550 4425 584 4476 46
600 4442 660 4493 sqq.

287 4507 310 4576 ⁵)
338 4509 370 4562 cf.
388 4509 486 4576 Naeke,
505 4526 532 4578 p.
550 4511 583 4563 37
599 4527 658 4578 sqq.
