3604 5288
837 317 1050 380 „74-

296 491 554 568 Halicarnasse0‚
572 489 626 572 qui
642 488 848 571 Panyassidis
864 492 896 553 et
910 488 1069 553 Herodoti
1089 488 1233 569 aequalis
1252 474 1386 554 suorum
1403 490 1589 567 temporum

297 615 349 659 res
360 594 623 659 Halicamasseas
634 592 733 658 literis
743 592 918 658 mandasse
929 593 1093 673 putandus
1106 589 1196 674 est.¹)
1220 589 1317 655 Cuius
1329 589 1492 670 scriptoris
1504 590 1589 654 testi·

297 697 409 762 monia
424 717 462 762 ac
480 697 609 761 Duridis
626 717 700 762 cum
715 693 876 761 contraria
895 698 1004 759 essent
1019 715 1080 760 nec
1096 694 1163 758 nlla
1177 693 1302 758 ratione
1316 692 1400 757 inter
1418 713 1453 756 se
1471 711 1589 758 conve·

297 794 415 879 nirent
430 801 465 865 id
481 801 597 878 evenit,
614 800 704 881 quod
722 799 844 863 lactum
860 797 948 877 apud
966 797 1101 862 Suidam
1117 797 1275 875 videmus
1291 800 1327 860 ut
1343 795 1515 877 biographi
1534 800 1590 860 aut

297 903 386 967 nullo
402 902 535 967 arbitrio
548 902 716 984 utriusque
727 900 914 966 testimonia
927 900 1012 964 inter
1026 921 1061 965 se
1075 904 1277 983 opponerent
1289 902 1345 964 aut
1361 898 1590 981 aPanyasside

299 1005 391 1088 epico
408 1006 609 1070 somniorum
624 1005 834 1086 interpretem
851 1006 888 1068 ut
906 1002 1069 1067 diversum
1088 1004 1331 1085 distinguerent,
1350 1002 1406 1083 qui
1422 1002 1590 1066 distinctus

298 1108 353 1173 illo
367 1109 475 1172 minor
486 1108 663 1173 dicebatur.
682 1106 768 1171 Nam
782 1106 892 1188 quain
903 1109 1010 1170 aetate
1021 1107 1117 1171 Duris
1128 1105 1307 1188 Panyassin
1321 1124 1416 1169 suum
1426 1108 1590 1186 posuerat,

299 1212 333 1275 in
352 1212 414 1275 hac
428 1211 555 1292 positus
573 1210 747 1293 Panyassis
761 1209 963 1274 somniorum
978 1209 1136 1292 interpres
1154 1208 1284 1286 mansit,
1308 1207 1390 1272 alter
1408 1208 1591 1289 Panyassn,

300 1313 356 1395 qui
378 1314 487 1395 epirus
510 1314 584 1391 fuit,
607 1313 728 1376 florens
751 1311 851 1376 aetati
872 1311 949 1376 belli
971 1312 1090 1376 Persici
1111 1312 1215 1377 multo
1238 1309 1396 1391 superiori
1419 1309 1592 1374 attributus

301 1415 391 1501 est.²)
437 1417 496 1483 Cui
525 1416 700 1482 attributus
727 1413 895 1479 dicebatur
916 1415 1088 1498 Polyarchi
1109 1413 1211 1492 filius,
1238 1412 1398 1478 Herodoti
1426 1416 1592 1494 cognatus,

217 1605 218 1608 Ἴ
300 1519 577 1598 Halicarnasseus,
596 1519 823 1602 aLygdamide
840 1524 983 1584 necatus.
1015 1519 1107 1597 Quae
1121 1517 1308 1583 testimonia
1319 1536 1393 1581 cum
1407 1536 1427 1580 a
1439 1515 1594 1598 scriptore

300 1622 549 1686 Halicarnasson
578 1623 744 1705 ipsiusque
765 1622 974 1704 Panyassidis
1004 1622 1132 1704 aequali
1154 1621 1319 1703 profectae
1341 1622 1513 1686 videantur
1534 1641 1594 1686 nec

301 1724 367 1789 veri
389 1725 545 1789 dissimile
567 1725 745 1806 quidquam
767 1724 922 1804 habeant,
952 1725 1063 1790 omnia
1094 1728 1168 1788 sunt
1191 1722 1419 1807 accipienda.³)

388 1827 469 1891 Tres
498 1827 593 1909 igitur
621 1828 790 1909 opiniones
819 1829 853 1891 in
880 1828 919 1892 iis
950 1831 1093 1907 exstant,
1121 1847 1206 1909 quae
1235 1827 1276 1891 de
1298 1827 1506 1910 Panyassidis
1528 1827 1595 1892 vita

301 1929 474 2011 biographi
489 1931 584 1994 nobis
601 1931 814 1996 tradidenmt.
846 1930 956 1996 Prima
974 1935 1023 1996 est
1039 1931 1177 2009 Duridis
1201 1931 1257 2012 qui
1272 1929 1452 2016 Panyassin
1469 1930 1596 2011 epicum

302 2031 386 2096 falso
416 2032 450 2095 in
480 2036 588 2097 aetate
611 2033 816 2117 Panyassidis
845 2034 1047 2098 somniorum
1077 2034 1261 2118 interpretis
1290 2053 1363 2098 cum
1391 2033 1446 2097 illo
1471 2033 1596 2098 confusi

303 2135 421 2217 posuit.
454 2135 567 2201 Altera
583 2141 633 2201 est
650 2137 728 2213 eiua,
752 2137 807 2218 qui
824 2138 886 2201 hos
902 2137 935 2201 in
952 2157 1055 2201 unum
1071 2137 1150 2201 item
1166 2137 1374 2218 coniungens
1397 2137 1456 2201 sed
1472 2136 1597 2217 reliqua
1728 2189 1730 2198 ,

304 2238 415 2302 omnia
438 2238 537 2303 dubia
559 2239 744 2321 relinquens
765 2239 895 2305 Duridis
918 2241 1114 2304 sententiam
1142 2260 1209 2304 una
1237 2259 1311 2304 cum
1342 2238 1380 2302 iis
1403 2238 1597 2303 testimoniis

304 2341 461 2418 reddidit,
495 2361 634 2422 quorum
657 2343 746 2424 origo
770 2363 787 2406 e
811 2343 966 2423 scriptore
995 2343 1050 2406 illo
1079 2343 1328 2408 Halicarnasseo
1360 2341 1508 2406 ducenda
1537 2345 1595 2405 est.

305 2443 415 2507 Tertia
446 2446 495 2506 est
525 2444 608 2520 eius,
641 2445 696 2525 qui
717 2443 847 2508 Doridis
877 2464 985 2508 errore
1013 2449 1199 2528 perspecto·
1214 2444 1394 2527 Panyassin
1424 2445 1550 2526 epicum
1578 2465 1598 2508 a

305 2544 505 2626 Panyasside
528 2545 729 2610 somniorum
750 2547 925 2628 interprete
948 2547 1092 2611 distinxit
1114 2548 1205 2612 illum
1223 2551 1303 2612 natu
1321 2547 1489 2626 maiorem,
1512 2548 1598 2612 hunc

306 2647 466 2711 minorem
488 2645 649 2730 dicensi).
693 2649 742 2712 De
765 2649 956 2730 cognatione
985 2650 1190 2732 Panyassidis
1222 2654 1254 2714 et
1282 2650 1441 2715 Herodoti
1470 2651 1599 2715 abhoc

306 2748 385 2812 nihil
408 2748 546 2830 amplius
568 2750 723 2816 traditum
753 2755 802 2816 est
830 2752 891 2816 nisi
914 2753 1002 2834 quod
1025 2752 1144 2818 Suidae
1167 2752 1273 2817 verbis
1299 2752 1495 2818 continetur:
1520 2757 1598 2820 ἱστό-

307 2878 392 2938 ρηται
424 2856 459 2918 δὲ
492 2855 641 2926 Πανύασις
668 2849 837 2940 Ἡροδότου
871 2857 924 2922 τοῦ
957 2859 1101 2943 ἱστορικοῦ
1134 2854 1306 2943 ἐξάδελφος.
1361 2856 1409 2920 De
1443 2877 1482 2920 ea
1515 2875 1599 2938 quae

305 2960 475 3037 praeterea
506 2957 593 3037 apud
625 2957 760 3023 Suidam
788 2959 974 3037 traduntur,
1007 2977 1067 3040 pro
1098 2959 1413 3024 autoschediasmate
1446 2959 1600 3024 habenda

307 3062 392 3122 sunt.
438 3058 557 3123 Suidae
579 3061 680 3123 verba
702 3064 852 3142 corrupta
873 3064 947 3133 τινὲς
969 3059 1031 3126 δὀὐ
1055 3063 1160 3147 ditm,
1183 3063 1261 3126 ἀλλὰ
1281 3059 1388 3139 Ῥοιώ,
1411 3065 1463 3147 τὴν
1486 3063 1600 3148 μητέρα

304 3157 488 3246 Ἡροδότου,
517 3159 702 3234 Πανυάσιδος
725 3166 857 3252 ἀδελφὴν
881 3168 1034 3250 ἱστόρησαν
1063 3163 1109 3229 ita
1138 3163 1326 3246 corrigenda
1355 3168 1445 3242 sunt,
1476 3169 1512 3230 ut
1539 3185 1599 3248 pro

307 3264 492 3336 Πανυάσιδος
513 3265 615 3328 verbo
639 3263 818 3354 Πολυάρχου
840 3269 976 3332 verbum
998 3267 1226 3351 restituatur.⁵)

393 3366 441 3430 De
463 3367 668 3449 Panyassidis
695 3372 843 3450 tempore
871 3371 970 3434 natali
992 3371 1070 3434 nihil
1100 3375 1227 3436 constat
1254 3371 1315 3436 nisi
1337 3370 1501 3452 aliquanto
1524 3375 1600 3436 ante

308 3469 349 3532 ol.
386 3470 426 3534 75
461 3489 536 3534 eum
568 3473 682 3534 natum
716 3492 787 3536 esse
820 3471 853 3536 in
886 3493 950 3555 qua
983 3475 1103 3537 florens
1141 3473 1266 3554 positus
1300 3471 1382 3557 sita)
1442 3472 1601 3538 Necatum

308 3589 383 3634 eum
411 3591 480 3636 non
507 3572 610 3636 multo
641 3576 717 3638 ante
740 3574 782 3637 ol.
805 3577 856 3640 81.
880 3578 899 3641 3
927 3597 999 3641 esse
1027 3596 1160 3641 necesse
1189 3580 1247 3641 est.
1291 3576 1375 3641 Nam
1402 3595 1469 3639 non
1497 3577 1600 3641 multo

309 3677 386 3738 ante
413 3674 477 3738 hoc
502 3678 645 3755 tempus,
670 3676 746 3757 quin
769 3678 971 3743 dominatum
991 3678 1209 3744 Halicamassi
1231 3679 1408 3760 susceperit
1430 3678 1600 3762 Lygdamis

309 3779 406 3857 atque
428 3777 515 3841 idem
537 3778 579 3841 ab
601 3778 853 3845 Halicarnasseis
882 3782 1002 3846 eiectus
1025 3782 1075 3859 sit,
1099 3801 1172 3846 cum
1194 3781 1394 3846 Kirchhoifio
1416 3802 1484 3846 non
1506 3783 1600 3848 dubi-

308 3882 430 3957 tamus,
468 3898 655 3962 quanquam
695 3882 736 3945 ab
777 3883 840 3948 hoc
874 3883 1101 3949 dissentientes
1139 3885 1266 3949 titulum
1306 3885 1361 3966 qui
1397 3885 1601 3967 Lygdamidis

308 3985 443 4046 vocatur
472 3986 569 4047 antea
597 3983 752 4064 scriptum
782 4006 862 4063 esse,
891 4006 958 4050 non
987 3991 1103 4068 postea
1132 4005 1230 4067 quarn
1252 3986 1422 4069 Lygdamis
1445 3990 1488 4052 ab
1509 3989 1601 4053 Hali-

312 4085 491 4148 carnasseis
521 4086 673 4167 expulsus
698 4092 756 4165 est,
780 4087 1014 4172 arbitramur.⁷)
1051 4090 1229 4171 Lygdamin
1251 4091 1337 4154 enim
1359 4091 1487 4174 tyranni
1508 4095 1603 4174 pote·

201 4262 203 4266 .
310 4189 430 4250 statem
451 4187 668 4253 Halicamassi
697 4190 850 4256 habuisse
880 4196 912 4256 et
934 4191 1137 4256 Pisindelidis
1167 4192 1278 4271 filium,
1301 4193 1494 4259 Artemisiae
1516 4195 1602 4258 hunc

311 4512 333 4577 π)
388 4425 423 4564 ρρ
439 4427 584 4564 ρὲΞυ-οο.
603 4457 637 4467 -
656 4427 678 4496 2)
697 4445 722 4496 p.
733 4430 773 4482 aa.
793 4458 826 4468 -
844 4427 868 4498 ³)
886 4446 911 4497 p.
921 4431 963 4484 aa
982 4459 1013 4469 -
1033 4429 1056 4496 ⁴)
1074 4447 1099 4498 p.
1111 4432 1221 4486 so-sa
1240 4461 1273 4470 -
1291 4432 1314 4499 ⁵)
1331 4449 1357 4500 p.
1370 4433 1411 4492 aa
1431 4461 1465 4473 -
1484 4431 1506 4500 ⁶)
1523 4434 1602 4501 pas.

352 4527 378 4578 p.
424 4541 456 4550 -
494 4552 499 4563 .
