<?xml version="1.0" encoding="UTF-8"?>
<!DOCTYPE html PUBLIC "-//W3C//DTD XHTML 1.0 Transitional//EN"
    "http://www.w3.org/TR/xhtml1/DTD/xhtml1-transitional.dtd">
<html xmlns="http://www.w3.org/1999/xhtml" xml:lang="en" lang="en">
 <head>
  <title>
</title>
<meta http-equiv="Content-Type" content="text/html;charset=utf-8" />
  <meta name='ocr-system' content='tesseract 3.04.00' />
  <meta name='ocr-capabilities' content='ocr_page ocr_carea ocr_par ocr_line ocrx_word'/>
</head>
<body>
  <div class='ocr_page' id='page_1' title='image "./depanyasside00kraugoog_0069.png"; bbox 0 0 3604 5288; ppageno 0'>
   <div class='ocr_carea' id='block_1_1' title="bbox 845 310 1056 373">
    <p class='ocr_par' dir='ltr' id='par_1_1' title="bbox 845 310 1056 373">
     <span class='ocr_line' id='line_1_1' title="bbox 845 310 1056 373; baseline 0 -17"><span class='ocrx_word' id='word_1_1' title='bbox 845 310 1056 373; x_wconf 66' lang='grc'>-64,</span> 
     </span>
    </p>
   </div>
   <div class='ocr_carea' id='block_1_2' title="bbox 304 480 1607 3543">
    <p class='ocr_par' dir='ltr' id='par_1_2' title="bbox 305 480 1605 1288">
     <span class='ocr_line' id='line_1_2' title="bbox 391 480 1602 562; baseline -0.002 -15"><span class='ocrx_word' id='word_1_2' title='bbox 391 480 506 548; x_wconf 79' lang='grc' dir='ltr'>Ἰωνικά</span> <span class='ocrx_word' id='word_1_3' title='bbox 532 501 654 547; x_wconf 91' lang='lat' dir='ltr'>nomen</span> <span class='ocrx_word' id='word_1_4' title='bbox 681 482 773 546; x_wconf 91' lang='lat' dir='ltr'>alteri</span> <span class='ocrx_word' id='word_1_5' title='bbox 802 480 936 546; x_wconf 85' lang='lat' dir='ltr'>carmini</span> <span class='ocrx_word' id='word_1_6' title='bbox 963 481 1073 558; x_wconf 83' lang='lat' dir='ltr'>datur,</span> <span class='ocrx_word' id='word_1_7' title='bbox 1099 481 1189 562; x_wconf 90' lang='lat' dir='ltr'>quod</span> <span class='ocrx_word' id='word_1_8' title='bbox 1216 482 1348 545; x_wconf 92' lang='lat' dir='ltr'>omnino</span> <span class='ocrx_word' id='word_1_9' title='bbox 1372 481 1471 545; x_wconf 85' lang='lat' dir='ltr'>fuisse</span> <span class='ocrx_word' id='word_1_10' title='bbox 1494 481 1602 545; x_wconf 92' lang='lat' dir='ltr'>solum</span> 
     </span>
     <span class='ocr_line' id='line_1_3' title="bbox 306 583 1603 669; baseline -0.002 -18"><span class='ocrx_word' id='word_1_11' title='bbox 306 585 476 669; x_wconf 80' lang='lat' dir='ltr'>Suidam1)</span> <span class='ocrx_word' id='word_1_12' title='bbox 507 590 674 650; x_wconf 78' lang='lat' dir='ltr'>auctorem</span> <span class='ocrx_word' id='word_1_13' title='bbox 703 584 873 649; x_wconf 78' lang='lat' dir='ltr'>habemus</span> <span class='ocrx_word' id='word_1_14' title='bbox 925 583 1002 648; x_wconf 78' lang='lat' dir='ltr'>llius</span> <span class='ocrx_word' id='word_1_15' title='bbox 1032 584 1155 662; x_wconf 88' lang='lat' dir='ltr'>verbis,</span> <span class='ocrx_word' id='word_1_16' title='bbox 1191 584 1219 648; x_wconf 87' lang='lat' dir='ltr'>si</span> <span class='ocrx_word' id='word_1_17' title='bbox 1247 583 1330 647; x_wconf 88' lang='lat' dir='ltr'>fides</span> <span class='ocrx_word' id='word_1_18' title='bbox 1359 583 1512 648; x_wconf 89' lang='lat' dir='ltr'>habenda</span> <span class='ocrx_word' id='word_1_19' title='bbox 1543 587 1603 662; x_wconf 90' lang='lat' dir='ltr'>est,</span> 
     </span>
     <span class='ocr_line' id='line_1_4' title="bbox 306 686 1602 769; baseline -0.001 -16"><span class='ocrx_word' id='word_1_20' title='bbox 306 709 437 754; x_wconf 90' lang='lat' dir='ltr'>carmen</span> <span class='ocrx_word' id='word_1_21' title='bbox 469 689 626 769; x_wconf 88' lang='lat' dir='ltr'>scriptum</span> <span class='ocrx_word' id='word_1_22' title='bbox 658 691 864 769; x_wconf 84' lang='lat' dir='ltr'>pentametro</span> <span class='ocrx_word' id='word_1_23' title='bbox 898 687 969 764; x_wconf 88' lang='lat' dir='ltr'>fuit,</span> <span class='ocrx_word' id='word_1_24' title='bbox 1002 707 1156 752; x_wconf 89' lang='lat' dir='ltr'>versuum</span> <span class='ocrx_word' id='word_1_25' title='bbox 1185 687 1315 751; x_wconf 87' lang='lat' dir='ltr'>fucumt</span> <span class='ocrx_word' id='word_1_26' title='bbox 1347 690 1473 769; x_wconf 81' lang='lat' dir='ltr'>septem</span> <span class='ocrx_word' id='word_1_27' title='bbox 1502 686 1602 764; x_wconf 89' lang='lat' dir='ltr'>milia,</span> 
     </span>
     <span class='ocr_line' id='line_1_5' title="bbox 305 788 1603 857; baseline -0.002 -1"><span class='ocrx_word' id='word_1_28' title='bbox 305 795 463 857; x_wconf 83' lang='lat' dir='ltr'>tractatae</span> <span class='ocrx_word' id='word_1_29' title='bbox 495 795 570 855; x_wconf 92' lang='lat' dir='ltr'>sunt</span> <span class='ocrx_word' id='word_1_30' title='bbox 597 791 739 856; x_wconf 86' lang='lat' dir='ltr'>carmine</span> <span class='ocrx_word' id='word_1_31' title='bbox 767 809 820 855; x_wconf 89' lang='lat' dir='ltr'>res</span> <span class='ocrx_word' id='word_1_32' title='bbox 843 788 942 853; x_wconf 86' lang='lat' dir='ltr'>Codri</span> <span class='ocrx_word' id='word_1_33' title='bbox 964 793 996 853; x_wconf 90' lang='lat' dir='ltr'>et</span> <span class='ocrx_word' id='word_1_34' title='bbox 1018 789 1110 854; x_wconf 90' lang='lat' dir='ltr'>Nelei</span> <span class='ocrx_word' id='word_1_35' title='bbox 1132 792 1165 854; x_wconf 91' lang='lat' dir='ltr'>et</span> <span class='ocrx_word' id='word_1_36' title='bbox 1187 790 1389 854; x_wconf 87' lang='lat' dir='ltr'>coloniarum</span> <span class='ocrx_word' id='word_1_37' title='bbox 1410 789 1603 854; x_wconf 82' lang='lat' dir='ltr'>Ionicarum.</span> 
     </span>
     <span class='ocr_line' id='line_1_6' title="bbox 305 891 1604 977; baseline 0 -19"><span class='ocrx_word' id='word_1_38' title='bbox 305 895 390 959; x_wconf 90' lang='lat' dir='ltr'>Nam</span> <span class='ocrx_word' id='word_1_39' title='bbox 422 893 517 958; x_wconf 88' lang='lat' dir='ltr'>lectio</span> <span class='ocrx_word' id='word_1_40' title='bbox 554 915 667 959; x_wconf 92' lang='lat' dir='ltr'>eorum</span> <span class='ocrx_word' id='word_1_41' title='bbox 697 894 861 970; x_wconf 88' lang='lat' dir='ltr'>codicum,</span> <span class='ocrx_word' id='word_1_42' title='bbox 894 892 949 975; x_wconf 90' lang='lat' dir='ltr'>qui</span> <span class='ocrx_word' id='word_1_43' title='bbox 981 893 1136 974; x_wconf 90' lang='lat' dir='ltr'>scriptum</span> <span class='ocrx_word' id='word_1_44' title='bbox 1165 892 1290 957; x_wconf 91' lang='lat' dir='ltr'>habent</span> <span class='ocrx_word' id='word_1_45' title='bbox 1319 891 1379 957; x_wconf 79' lang='grc' dir='ltr'>ἔστι</span> <span class='ocrx_word' id='word_1_46' title='bbox 1410 895 1446 958; x_wconf 83' lang='grc' dir='ltr'>δὲ</span> <span class='ocrx_word' id='word_1_47' title='bbox 1473 895 1508 958; x_wconf 90' lang='grc' dir='ltr'>τά</span> <span class='ocrx_word' id='word_1_48' title='bbox 1537 895 1604 977; x_wconf 89' lang='grc' dir='ltr'>περὶ</span> 
     </span>
     <span class='ocr_line' id='line_1_7' title="bbox 306 991 1605 1083; baseline -0.002 -21"><span class='ocrx_word' id='word_1_49' title='bbox 306 996 426 1083; x_wconf 78' lang='grc' dir='ltr'>Κόδρου</span> <span class='ocrx_word' id='word_1_50' title='bbox 459 999 510 1061; x_wconf 76' lang='grc' dir='ltr'>καὶ</span> <span class='ocrx_word' id='word_1_51' title='bbox 539 996 665 1082; x_wconf 84' lang='grc' dir='ltr'>Νηλέως</span> <span class='ocrx_word' id='word_1_52' title='bbox 695 999 745 1062; x_wconf 85' lang='grc' dir='ltr'>καὶ</span> <span class='ocrx_word' id='word_1_53' title='bbox 773 999 824 1068; x_wconf 81' lang='grc' dir='ltr'>τάς</span> <span class='ocrx_word' id='word_1_54' title='bbox 848 991 982 1067; x_wconf 84' lang='grc' dir='ltr'>Ἰωνικὰς</span> <span class='ocrx_word' id='word_1_55' title='bbox 1011 997 1155 1073; x_wconf 80' lang='grc' dir='ltr'>ἀποικίας,</span> <span class='ocrx_word' id='word_1_56' title='bbox 1186 995 1280 1075; x_wconf 83' lang='lat' dir='ltr'>quasi</span> <span class='ocrx_word' id='word_1_57' title='bbox 1309 997 1441 1060; x_wconf 81' lang='lat' dir='ltr'>tertium</span> <span class='ocrx_word' id='word_1_58' title='bbox 1471 1015 1605 1060; x_wconf 86' lang='lat' dir='ltr'>carmen</span> 
     </span>
     <span class='ocr_line' id='line_1_8' title="bbox 305 1098 1604 1182; baseline -0.001 -18"><span class='ocrx_word' id='word_1_59' title='bbox 305 1100 480 1182; x_wconf 87' lang='lat' dir='ltr'>Panyassis</span> <span class='ocrx_word' id='word_1_60' title='bbox 504 1099 722 1181; x_wconf 89' lang='lat' dir='ltr'>composuerit</span> <span class='ocrx_word' id='word_1_61' title='bbox 745 1102 775 1164; x_wconf 83' lang='lat' dir='ltr'>at</span> <span class='ocrx_word' id='word_1_62' title='bbox 798 1098 923 1164; x_wconf 81' lang='grc' dir='ltr'>Ἰωνικαὶ</span> <span class='ocrx_word' id='word_1_63' title='bbox 946 1100 1076 1163; x_wconf 82' lang='grc' dir='ltr'>ἀποικίαι</span> <span class='ocrx_word' id='word_1_64' title='bbox 1097 1098 1298 1179; x_wconf 85' lang='lat' dir='ltr'>inscriptum,</span> <span class='ocrx_word' id='word_1_65' title='bbox 1325 1100 1441 1164; x_wconf 92' lang='lat' dir='ltr'>merito</span> <span class='ocrx_word' id='word_1_66' title='bbox 1464 1099 1604 1164; x_wconf 88' lang='lat' dir='ltr'>reicitur.</span> 
     </span>
     <span class='ocr_line' id='line_1_9' title="bbox 306 1200 1400 1288; baseline -0.001 -21"><span class='ocrx_word' id='word_1_67' title='bbox 306 1204 346 1268; x_wconf 84' lang='lat' dir='ltr'>Et</span> <span class='ocrx_word' id='word_1_68' title='bbox 371 1203 523 1267; x_wconf 91' lang='lat' dir='ltr'>omnibus</span> <span class='ocrx_word' id='word_1_69' title='bbox 546 1202 671 1267; x_wconf 84' lang='lat' dir='ltr'>formae</span> <span class='ocrx_word' id='word_1_70' title='bbox 694 1201 811 1288; x_wconf 81' lang='grc' dir='ltr'>Κόδρον</span> <span class='ocrx_word' id='word_1_71' title='bbox 834 1203 883 1266; x_wconf 85' lang='grc' dir='ltr'>καὶ</span> <span class='ocrx_word' id='word_1_72' title='bbox 905 1200 1010 1284; x_wconf 77' lang='grc' dir='ltr'>Νηλέα</span> <span class='ocrx_word' id='word_1_73' title='bbox 1031 1220 1118 1266; x_wconf 88' lang='lat' dir='ltr'>nunc</span> <span class='ocrx_word' id='word_1_74' title='bbox 1140 1205 1293 1282; x_wconf 86' lang='lat' dir='ltr'>acceptae</span> <span class='ocrx_word' id='word_1_75' title='bbox 1316 1206 1400 1267; x_wconf 90' lang='lat' dir='ltr'>sunt.</span> 
     </span>
    </p>

    <p class='ocr_par' dir='ltr' id='par_1_3' title="bbox 304 1304 1607 3325">
     <span class='ocr_line' id='line_1_10' title="bbox 392 1304 1601 1387; baseline 0.002 -17"><span class='ocrx_word' id='word_1_76' title='bbox 392 1306 437 1370; x_wconf 89' lang='lat' dir='ltr'>At</span> <span class='ocrx_word' id='word_1_77' title='bbox 467 1306 554 1370; x_wconf 89' lang='lat' dir='ltr'>enim</span> <span class='ocrx_word' id='word_1_78' title='bbox 582 1309 788 1386; x_wconf 87' lang='lat' dir='ltr'>pentametro</span> <span class='ocrx_word' id='word_1_79' title='bbox 817 1323 913 1371; x_wconf 89' lang='lat' dir='ltr'>versu</span> <span class='ocrx_word' id='word_1_80' title='bbox 940 1322 1073 1370; x_wconf 89' lang='lat' dir='ltr'>carmen</span> <span class='ocrx_word' id='word_1_81' title='bbox 1095 1304 1251 1386; x_wconf 85' lang='lat' dir='ltr'>scripturn</span> <span class='ocrx_word' id='word_1_82' title='bbox 1273 1305 1372 1371; x_wconf 85' lang='lat' dir='ltr'>fuisse</span> <span class='ocrx_word' id='word_1_83' title='bbox 1395 1326 1463 1371; x_wconf 91' lang='lat' dir='ltr'>non</span> <span class='ocrx_word' id='word_1_84' title='bbox 1484 1309 1601 1387; x_wconf 88' lang='lat' dir='ltr'>potest.</span> 
     </span>
     <span class='ocr_line' id='line_1_11' title="bbox 306 1405 1605 1490; baseline 0 -17"><span class='ocrx_word' id='word_1_85' title='bbox 306 1408 504 1474; x_wconf 88' lang='lat' dir='ltr'>Huiusmodi</span> <span class='ocrx_word' id='word_1_86' title='bbox 528 1409 615 1473; x_wconf 91' lang='lat' dir='ltr'>enim</span> <span class='ocrx_word' id='word_1_87' title='bbox 636 1409 793 1484; x_wconf 89' lang='lat' dir='ltr'>versibus,</span> <span class='ocrx_word' id='word_1_88' title='bbox 817 1405 944 1472; x_wconf 91' lang='lat' dir='ltr'>etiamsi</span> <span class='ocrx_word' id='word_1_89' title='bbox 966 1410 1032 1470; x_wconf 87' lang='lat' dir='ltr'>tres</span> <span class='ocrx_word' id='word_1_90' title='bbox 1059 1407 1213 1488; x_wconf 85' lang='lat' dir='ltr'>deinceps</span> <span class='ocrx_word' id='word_1_91' title='bbox 1235 1409 1455 1489; x_wconf 83' lang='lat' dir='ltr'>proferuntur,</span> <span class='ocrx_word' id='word_1_92' title='bbox 1485 1407 1605 1490; x_wconf 90' lang='lat' dir='ltr'>rythmi</span> 
     </span>
     <span class='ocr_line' id='line_1_12' title="bbox 306 1509 1603 1593; baseline -0.001 -16"><span class='ocrx_word' id='word_1_93' title='bbox 306 1511 540 1593; x_wconf 88' lang='lat' dir='ltr'>aequabilitate</span> <span class='ocrx_word' id='word_1_94' title='bbox 569 1531 663 1576; x_wconf 91' lang='lat' dir='ltr'>aures</span> <span class='ocrx_word' id='word_1_95' title='bbox 692 1511 855 1590; x_wconf 88' lang='lat' dir='ltr'>animique</span> <span class='ocrx_word' id='word_1_96' title='bbox 882 1509 1058 1591; x_wconf 85' lang='lat' dir='ltr'>fatigantur</span> <span class='ocrx_word' id='word_1_97' title='bbox 1080 1529 1118 1574; x_wconf 91' lang='lat' dir='ltr'>ac</span> <span class='ocrx_word' id='word_1_98' title='bbox 1140 1510 1271 1575; x_wconf 86' lang='lat' dir='ltr'>fastidio</span> <span class='ocrx_word' id='word_1_99' title='bbox 1294 1510 1479 1592; x_wconf 86' lang='lat' dir='ltr'>implentur,</span> <span class='ocrx_word' id='word_1_100' title='bbox 1506 1531 1603 1592; x_wconf 90' lang='lat' dir='ltr'>prae-</span> 
     </span>
     <span class='ocr_line' id='line_1_13' title="bbox 307 1611 1605 1699; baseline -0.002 -19"><span class='ocrx_word' id='word_1_101' title='bbox 307 1616 418 1681; x_wconf 89' lang='lat' dir='ltr'>sertim</span> <span class='ocrx_word' id='word_1_102' title='bbox 440 1615 475 1679; x_wconf 92' lang='lat' dir='ltr'>in</span> <span class='ocrx_word' id='word_1_103' title='bbox 496 1611 724 1699; x_wconf 80' lang='lat' dir='ltr'>narratione.²)</span> <span class='ocrx_word' id='word_1_104' title='bbox 761 1613 896 1693; x_wconf 87' lang='lat' dir='ltr'>Septem</span> <span class='ocrx_word' id='word_1_105' title='bbox 916 1632 994 1677; x_wconf 91' lang='lat' dir='ltr'>vero</span> <span class='ocrx_word' id='word_1_106' title='bbox 1016 1612 1106 1677; x_wconf 90' lang='lat' dir='ltr'>milia</span> <span class='ocrx_word' id='word_1_107' title='bbox 1127 1634 1280 1678; x_wconf 89' lang='lat' dir='ltr'>versuum</span> <span class='ocrx_word' id='word_1_108' title='bbox 1302 1615 1456 1695; x_wconf 87' lang='lat' dir='ltr'>deinceps</span> <span class='ocrx_word' id='word_1_109' title='bbox 1477 1613 1605 1678; x_wconf 85' lang='lat' dir='ltr'>adhoc</span> 
     </span>
     <span class='ocr_line' id='line_1_14' title="bbox 306 1716 1604 1799; baseline -0.002 -17"><span class='ocrx_word' id='word_1_110' title='bbox 306 1723 447 1782; x_wconf 86' lang='lat' dir='ltr'>metrum</span> <span class='ocrx_word' id='word_1_111' title='bbox 464 1716 596 1799; x_wconf 80' lang='lat' dir='ltr'>alligare</span> <span class='ocrx_word' id='word_1_112' title='bbox 616 1717 796 1798; x_wconf 87' lang='lat' dir='ltr'>eademque</span> <span class='ocrx_word' id='word_1_113' title='bbox 814 1717 857 1780; x_wconf 92' lang='lat' dir='ltr'>ad</span> <span class='ocrx_word' id='word_1_114' title='bbox 871 1717 1072 1780; x_wconf 84' lang='lat' dir='ltr'>narrandum</span> <span class='ocrx_word' id='word_1_115' title='bbox 1087 1716 1184 1797; x_wconf 92' lang='lat' dir='ltr'>plane</span> <span class='ocrx_word' id='word_1_116' title='bbox 1201 1717 1380 1782; x_wconf 89' lang='lat' dir='ltr'>absurdum</span> <span class='ocrx_word' id='word_1_117' title='bbox 1398 1721 1456 1782; x_wconf 90' lang='lat' dir='ltr'>est.</span> <span class='ocrx_word' id='word_1_118' title='bbox 1490 1717 1604 1798; x_wconf 89' lang='lat' dir='ltr'>Neque</span> 
     </span>
     <span class='ocr_line' id='line_1_15' title="bbox 306 1818 1605 1902; baseline -0.002 -18"><span class='ocrx_word' id='word_1_119' title='bbox 306 1820 481 1902; x_wconf 87' lang='lat' dir='ltr'>Panyassis</span> <span class='ocrx_word' id='word_1_120' title='bbox 505 1820 558 1884; x_wconf 90' lang='lat' dir='ltr'>ille</span> <span class='ocrx_word' id='word_1_121' title='bbox 580 1820 613 1883; x_wconf 93' lang='lat' dir='ltr'>in</span> <span class='ocrx_word' id='word_1_122' title='bbox 637 1818 836 1900; x_wconf 86' lang='lat' dir='ltr'>optimorum</span> <span class='ocrx_word' id='word_1_123' title='bbox 859 1819 1024 1900; x_wconf 88' lang='lat' dir='ltr'>epicorum</span> <span class='ocrx_word' id='word_1_124' title='bbox 1045 1839 1217 1884; x_wconf 89' lang='lat' dir='ltr'>numerum</span> <span class='ocrx_word' id='word_1_125' title='bbox 1241 1823 1390 1901; x_wconf 89' lang='lat' dir='ltr'>receptus</span> <span class='ocrx_word' id='word_1_126' title='bbox 1413 1820 1440 1885; x_wconf 92' lang='lat' dir='ltr'>is</span> <span class='ocrx_word' id='word_1_127' title='bbox 1463 1824 1522 1897; x_wconf 90' lang='lat' dir='ltr'>est,</span> <span class='ocrx_word' id='word_1_128' title='bbox 1548 1819 1605 1899; x_wconf 93' lang='lat' dir='ltr'>qui</span> 
     </span>
     <span class='ocr_line' id='line_1_16' title="bbox 307 1922 1603 2006; baseline -0.002 -19"><span class='ocrx_word' id='word_1_129' title='bbox 307 1927 414 1987; x_wconf 89' lang='lat' dir='ltr'>metro</span> <span class='ocrx_word' id='word_1_130' title='bbox 436 1927 506 1987; x_wconf 86' lang='lat' dir='ltr'>tam</span> <span class='ocrx_word' id='word_1_131' title='bbox 528 1923 638 2002; x_wconf 92' lang='lat' dir='ltr'>inepto</span> <span class='ocrx_word' id='word_1_132' title='bbox 666 1941 745 1986; x_wconf 90' lang='lat' dir='ltr'>usus</span> <span class='ocrx_word' id='word_1_133' title='bbox 777 1941 849 1986; x_wconf 90' lang='lat' dir='ltr'>esse</span> <span class='ocrx_word' id='word_1_134' title='bbox 878 1922 1034 1986; x_wconf 91' lang='lat' dir='ltr'>videatur.</span> <span class='ocrx_word' id='word_1_135' title='bbox 1091 1922 1131 1986; x_wconf 83' lang='lat' dir='ltr'>Et</span> <span class='ocrx_word' id='word_1_136' title='bbox 1159 1923 1305 2003; x_wconf 89' lang='lat' dir='ltr'>plerique</span> <span class='ocrx_word' id='word_1_137' title='bbox 1331 1924 1432 1988; x_wconf 91' lang='lat' dir='ltr'>verbo</span> <span class='ocrx_word' id='word_1_138' title='bbox 1462 1925 1603 2006; x_wconf 77' lang='grc' dir='ltr'>πεντάμε·</span> 
     </span>
     <span class='ocr_line' id='line_1_17' title="bbox 306 2025 1603 2112; baseline -0.002 -22"><span class='ocrx_word' id='word_1_139' title='bbox 306 2051 374 2112; x_wconf 90' lang='grc' dir='ltr'>τρον</span> <span class='ocrx_word' id='word_1_140' title='bbox 397 2026 461 2091; x_wconf 88' lang='lat' dir='ltr'>hoc</span> <span class='ocrx_word' id='word_1_141' title='bbox 483 2026 556 2090; x_wconf 93' lang='lat' dir='ltr'>loco</span> <span class='ocrx_word' id='word_1_142' title='bbox 577 2026 747 2089; x_wconf 91' lang='lat' dir='ltr'>notionem</span> <span class='ocrx_word' id='word_1_143' title='bbox 769 2025 933 2089; x_wconf 88' lang='lat' dir='ltr'>insolitam</span> <span class='ocrx_word' id='word_1_144' title='bbox 956 2025 1151 2089; x_wconf 87' lang='lat' dir='ltr'>subicientes</span> <span class='ocrx_word' id='word_1_145' title='bbox 1178 2045 1310 2090; x_wconf 90' lang='lat' dir='ltr'>carmen</span> <span class='ocrx_word' id='word_1_146' title='bbox 1332 2030 1438 2090; x_wconf 91' lang='lat' dir='ltr'>metro</span> <span class='ocrx_word' id='word_1_147' title='bbox 1461 2025 1603 2106; x_wconf 80' lang='lat' dir='ltr'>elegiaco</span> 
     </span>
     <span class='ocr_line' id='line_1_18' title="bbox 307 2127 1604 2204; baseline -0.003 -10"><span class='ocrx_word' id='word_1_148' title='bbox 307 2131 406 2194; x_wconf 90' lang='lat' dir='ltr'>fuisse</span> <span class='ocrx_word' id='word_1_149' title='bbox 429 2128 684 2194; x_wconf 86' lang='lat' dir='ltr'>declaraverunt.</span> <span class='ocrx_word' id='word_1_150' title='bbox 730 2128 796 2193; x_wconf 91' lang='lat' dir='ltr'>Sed</span> <span class='ocrx_word' id='word_1_151' title='bbox 818 2148 898 2192; x_wconf 91' lang='lat' dir='ltr'>num</span> <span class='ocrx_word' id='word_1_152' title='bbox 919 2127 1004 2192; x_wconf 91' lang='lat' dir='ltr'>hanc</span> <span class='ocrx_word' id='word_1_153' title='bbox 1027 2127 1222 2192; x_wconf 90' lang='lat' dir='ltr'>sententiam</span> <span class='ocrx_word' id='word_1_154' title='bbox 1238 2128 1329 2192; x_wconf 91' lang='lat' dir='ltr'>verbi</span> <span class='ocrx_word' id='word_1_155' title='bbox 1345 2148 1424 2192; x_wconf 90' lang='lat' dir='ltr'>usus</span> <span class='ocrx_word' id='word_1_156' title='bbox 1441 2127 1604 2204; x_wconf 89' lang='lat' dir='ltr'>admittat,</span> 
     </span>
     <span class='ocr_line' id='line_1_19' title="bbox 306 2229 1605 2312; baseline -0.004 -15"><span class='ocrx_word' id='word_1_157' title='bbox 306 2233 518 2298; x_wconf 90' lang='lat' dir='ltr'>vehementer</span> <span class='ocrx_word' id='word_1_158' title='bbox 558 2232 774 2296; x_wconf 87' lang='lat' dir='ltr'>dubitandum</span> <span class='ocrx_word' id='word_1_159' title='bbox 819 2234 878 2295; x_wconf 92' lang='lat' dir='ltr'>est.</span> <span class='ocrx_word' id='word_1_160' title='bbox 940 2231 1025 2295; x_wconf 90' lang='lat' dir='ltr'>Rem</span> <span class='ocrx_word' id='word_1_161' title='bbox 1072 2231 1295 2295; x_wconf 91' lang='lat' dir='ltr'>demonstrare</span> <span class='ocrx_word' id='word_1_162' title='bbox 1342 2231 1430 2296; x_wconf 87' lang='lat' dir='ltr'>solus</span> <span class='ocrx_word' id='word_1_163' title='bbox 1473 2229 1605 2312; x_wconf 89' lang='lat' dir='ltr'>quidem</span> 
     </span>
     <span class='ocr_line' id='line_1_20' title="bbox 307 2332 1604 2418; baseline -0.002 -19"><span class='ocrx_word' id='word_1_164' title='bbox 307 2332 573 2418; x_wconf 83' lang='lat' dir='ltr'>Tzschimerus³)</span> <span class='ocrx_word' id='word_1_165' title='bbox 597 2339 732 2400; x_wconf 86' lang='lat' dir='ltr'>conatus</span> <span class='ocrx_word' id='word_1_166' title='bbox 756 2338 814 2409; x_wconf 89' lang='lat' dir='ltr'>est,</span> <span class='ocrx_word' id='word_1_167' title='bbox 838 2334 892 2414; x_wconf 91' lang='lat' dir='ltr'>qui</span> <span class='ocrx_word' id='word_1_168' title='bbox 916 2353 1027 2411; x_wconf 86' lang='lat' dir='ltr'>exeo,</span> <span class='ocrx_word' id='word_1_169' title='bbox 1051 2334 1139 2414; x_wconf 92' lang='lat' dir='ltr'>quod</span> <span class='ocrx_word' id='word_1_170' title='bbox 1161 2337 1194 2398; x_wconf 81' lang='grc' dir='ltr'>τό</span> <span class='ocrx_word' id='word_1_171' title='bbox 1218 2336 1349 2416; x_wconf 79' lang='grc' dir='ltr'>ἐλεγεῖον</span> <span class='ocrx_word' id='word_1_172' title='bbox 1369 2337 1509 2398; x_wconf 87' lang='lat' dir='ltr'>metrum</span> <span class='ocrx_word' id='word_1_173' title='bbox 1532 2351 1604 2396; x_wconf 89' lang='lat' dir='ltr'>esse</span> 
     </span>
     <span class='ocr_line' id='line_1_21' title="bbox 308 2435 1605 2523; baseline -0.004 -20"><span class='ocrx_word' id='word_1_174' title='bbox 308 2440 407 2520; x_wconf 90' lang='lat' dir='ltr'>idque</span> <span class='ocrx_word' id='word_1_175' title='bbox 430 2437 625 2523; x_wconf 80' lang='grc' dir='ltr'>πεντάμετρον</span> <span class='ocrx_word' id='word_1_176' title='bbox 647 2437 793 2501; x_wconf 93' lang='lat' dir='ltr'>nonnulli</span> <span class='ocrx_word' id='word_1_177' title='bbox 817 2436 971 2513; x_wconf 85' lang='lat' dir='ltr'>dicerent,</span> <span class='ocrx_word' id='word_1_178' title='bbox 994 2436 1064 2500; x_wconf 91' lang='lat' dir='ltr'>solo</span> <span class='ocrx_word' id='word_1_179' title='bbox 1083 2437 1182 2501; x_wconf 91' lang='lat' dir='ltr'>verbo</span> <span class='ocrx_word' id='word_1_180' title='bbox 1205 2435 1401 2522; x_wconf 80' lang='grc' dir='ltr'>πεντάμετρον</span> <span class='ocrx_word' id='word_1_181' title='bbox 1423 2436 1491 2500; x_wconf 87' lang='lat' dir='ltr'>vice</span> <span class='ocrx_word' id='word_1_182' title='bbox 1509 2455 1605 2499; x_wconf 85' lang='lat' dir='ltr'>versa</span> 
     </span>
     <span class='ocr_line' id='line_1_22' title="bbox 309 2538 1605 2621; baseline -0.003 -17"><span class='ocrx_word' id='word_1_183' title='bbox 309 2540 484 2605; x_wconf 90' lang='lat' dir='ltr'>distichum</span> <span class='ocrx_word' id='word_1_184' title='bbox 512 2540 683 2620; x_wconf 83' lang='lat' dir='ltr'>significari</span> <span class='ocrx_word' id='word_1_185' title='bbox 712 2558 810 2620; x_wconf 87' lang='lat' dir='ltr'>posse</span> <span class='ocrx_word' id='word_1_186' title='bbox 840 2539 1005 2604; x_wconf 89' lang='lat' dir='ltr'>conclusit.</span> <span class='ocrx_word' id='word_1_187' title='bbox 1056 2540 1147 2618; x_wconf 88' lang='lat' dir='ltr'>Quae</span> <span class='ocrx_word' id='word_1_188' title='bbox 1170 2560 1286 2621; x_wconf 89' lang='lat' dir='ltr'>perse</span> <span class='ocrx_word' id='word_1_189' title='bbox 1309 2540 1441 2621; x_wconf 91' lang='lat' dir='ltr'>quidem</span> <span class='ocrx_word' id='word_1_190' title='bbox 1463 2538 1605 2602; x_wconf 82' lang='lat' dir='ltr'>maxime</span> 
     </span>
     <span class='ocr_line' id='line_1_23' title="bbox 309 2637 1604 2726; baseline -0.001 -19"><span class='ocrx_word' id='word_1_191' title='bbox 309 2643 408 2707; x_wconf 91' lang='lat' dir='ltr'>dubia</span> <span class='ocrx_word' id='word_1_192' title='bbox 440 2647 489 2707; x_wconf 88' lang='lat' dir='ltr'>est</span> <span class='ocrx_word' id='word_1_193' title='bbox 519 2642 692 2707; x_wconf 87' lang='lat' dir='ltr'>conclusio.</span> <span class='ocrx_word' id='word_1_194' title='bbox 743 2643 850 2723; x_wconf 86' lang='lat' dir='ltr'>Atque</span> <span class='ocrx_word' id='word_1_195' title='bbox 881 2641 1039 2724; x_wconf 87' lang='lat' dir='ltr'>exempla,</span> <span class='ocrx_word' id='word_1_196' title='bbox 1070 2637 1154 2723; x_wconf 87' lang='lat' dir='ltr'>quae</span> <span class='ocrx_word' id='word_1_197' title='bbox 1181 2643 1268 2707; x_wconf 90' lang='lat' dir='ltr'>hunc</span> <span class='ocrx_word' id='word_1_198' title='bbox 1291 2642 1382 2707; x_wconf 87' lang='lat' dir='ltr'>verbi</span> <span class='ocrx_word' id='word_1_199' title='bbox 1409 2641 1604 2726; x_wconf 80' lang='grc' dir='ltr'>πεντάμετρον</span> 
     </span>
     <span class='ocr_line' id='line_1_24' title="bbox 308 2744 1604 2826; baseline -0.003 -15"><span class='ocrx_word' id='word_1_200' title='bbox 308 2767 403 2811; x_wconf 88' lang='lat' dir='ltr'>usum</span> <span class='ocrx_word' id='word_1_201' title='bbox 422 2746 521 2810; x_wconf 83' lang='lat' dir='ltr'>fuisse</span> <span class='ocrx_word' id='word_1_202' title='bbox 540 2745 689 2823; x_wconf 87' lang='lat' dir='ltr'>doceant,</span> <span class='ocrx_word' id='word_1_203' title='bbox 709 2745 816 2811; x_wconf 89' lang='lat' dir='ltr'>adhuc</span> <span class='ocrx_word' id='word_1_204' title='bbox 841 2744 973 2826; x_wconf 87' lang='lat' dir='ltr'>quidem</span> <span class='ocrx_word' id='word_1_205' title='bbox 992 2745 1117 2810; x_wconf 91' lang='lat' dir='ltr'>desunt.</span> <span class='ocrx_word' id='word_1_206' title='bbox 1154 2745 1245 2824; x_wconf 89' lang='lat' dir='ltr'>Quae</span> <span class='ocrx_word' id='word_1_207' title='bbox 1269 2745 1355 2810; x_wconf 91' lang='lat' dir='ltr'>enim</span> <span class='ocrx_word' id='word_1_208' title='bbox 1374 2745 1604 2810; x_wconf 88' lang='lat' dir='ltr'>Tzschirnerus</span> 
     </span>
     <span class='ocr_line' id='line_1_25' title="bbox 309 2847 1605 2931; baseline -0.004 -17"><span class='ocrx_word' id='word_1_209' title='bbox 309 2849 427 2928; x_wconf 89' lang='lat' dir='ltr'>attulit,</span> <span class='ocrx_word' id='word_1_210' title='bbox 450 2848 530 2914; x_wconf 91' lang='lat' dir='ltr'>nihil</span> <span class='ocrx_word' id='word_1_211' title='bbox 551 2849 702 2931; x_wconf 93' lang='lat' dir='ltr'>probant.</span> <span class='ocrx_word' id='word_1_212' title='bbox 748 2848 814 2913; x_wconf 89' lang='lat' dir='ltr'>Sed</span> <span class='ocrx_word' id='word_1_213' title='bbox 837 2848 914 2929; x_wconf 90' lang='lat' dir='ltr'>quid</span> <span class='ocrx_word' id='word_1_214' title='bbox 936 2848 1051 2929; x_wconf 76' lang='lat' dir='ltr'>plura?</span> <span class='ocrx_word' id='word_1_215' title='bbox 1088 2847 1137 2912; x_wconf 90' lang='lat' dir='ltr'>Ne</span> <span class='ocrx_word' id='word_1_216' title='bbox 1155 2849 1290 2913; x_wconf 91' lang='lat' dir='ltr'>minima</span> <span class='ocrx_word' id='word_1_217' title='bbox 1305 2849 1437 2930; x_wconf 88' lang='lat' dir='ltr'>quidem</span> <span class='ocrx_word' id='word_1_218' title='bbox 1454 2847 1605 2912; x_wconf 85' lang='lat' dir='ltr'>carminis</span> 
     </span>
     <span class='ocr_line' id='line_1_26' title="bbox 305 2947 1605 3034; baseline -0.004 -17"><span class='ocrx_word' id='word_1_219' title='bbox 305 2954 490 3034; x_wconf 82' lang='lat' dir='ltr'>fragmenta</span> <span class='ocrx_word' id='word_1_220' title='bbox 519 2956 656 3017; x_wconf 86' lang='lat' dir='ltr'>exstant.</span> <span class='ocrx_word' id='word_1_221' title='bbox 708 2951 841 3015; x_wconf 94' lang='lat' dir='ltr'>Nullum</span> <span class='ocrx_word' id='word_1_222' title='bbox 869 2971 1012 3028; x_wconf 90' lang='lat' dir='ltr'>versum,</span> <span class='ocrx_word' id='word_1_223' title='bbox 1046 2952 1171 3016; x_wconf 91' lang='lat' dir='ltr'>nullum</span> <span class='ocrx_word' id='word_1_224' title='bbox 1204 2952 1341 3016; x_wconf 89' lang='lat' dir='ltr'>verbum</span> <span class='ocrx_word' id='word_1_225' title='bbox 1374 2947 1605 3032; x_wconf 78' lang='lat' dir='ltr'>accepimus.⁴)</span> 
     </span>
     <span class='ocr_line' id='line_1_27' title="bbox 304 3053 1607 3136; baseline -0.002 -18"><span class='ocrx_word' id='word_1_226' title='bbox 304 3056 372 3120; x_wconf 90' lang='lat' dir='ltr'>Nec</span> <span class='ocrx_word' id='word_1_227' title='bbox 396 3059 526 3136; x_wconf 86' lang='lat' dir='ltr'>praeter</span> <span class='ocrx_word' id='word_1_228' title='bbox 549 3054 685 3119; x_wconf 91' lang='lat' dir='ltr'>Suidam</span> <span class='ocrx_word' id='word_1_229' title='bbox 708 3057 750 3131; x_wconf 90' lang='lat' dir='ltr'>et,</span> <span class='ocrx_word' id='word_1_230' title='bbox 781 3072 864 3134; x_wconf 89' lang='lat' dir='ltr'>quae</span> <span class='ocrx_word' id='word_1_231' title='bbox 887 3054 1003 3117; x_wconf 89' lang='lat' dir='ltr'>eodem</span> <span class='ocrx_word' id='word_1_232' title='bbox 1025 3054 1127 3132; x_wconf 89' lang='lat' dir='ltr'>redii,</span> <span class='ocrx_word' id='word_1_233' title='bbox 1148 3053 1451 3119; x_wconf 89' lang='lat' dir='ltr'>Pseudoeudociam</span> <span class='ocrx_word' id='word_1_234' title='bbox 1474 3072 1607 3116; x_wconf 87' lang='lat' dir='ltr'>carmen</span> 
     </span>
     <span class='ocr_line' id='line_1_28' title="bbox 306 3154 1605 3240; baseline -0.002 -17"><span class='ocrx_word' id='word_1_235' title='bbox 306 3159 478 3240; x_wconf 87' lang='lat' dir='ltr'>quisquam</span> <span class='ocrx_word' id='word_1_236' title='bbox 506 3159 757 3233; x_wconf 84' lang='lat' dir='ltr'>commemorat,</span> <span class='ocrx_word' id='word_1_237' title='bbox 788 3157 876 3236; x_wconf 90' lang='lat' dir='ltr'>quod</span> <span class='ocrx_word' id='word_1_238' title='bbox 909 3177 929 3220; x_wconf 92' lang='lat' dir='ltr'>a</span> <span class='ocrx_word' id='word_1_239' title='bbox 960 3157 1093 3221; x_wconf 89' lang='lat' dir='ltr'>falsario</span> <span class='ocrx_word' id='word_1_240' title='bbox 1128 3156 1235 3237; x_wconf 91' lang='lat' dir='ltr'>aliquo</span> <span class='ocrx_word' id='word_1_241' title='bbox 1270 3157 1488 3239; x_wconf 85' lang='lat' dir='ltr'>excogitatum</span> <span class='ocrx_word' id='word_1_242' title='bbox 1520 3154 1605 3221; x_wconf 90' lang='lat' dir='ltr'>iudi·</span> 
     </span>
     <span class='ocr_line' id='line_1_29' title="bbox 307 3259 705 3325; baseline -0.01 0"><span class='ocrx_word' id='word_1_243' title='bbox 307 3265 417 3325; x_wconf 90' lang='lat' dir='ltr'>cantes</span> <span class='ocrx_word' id='word_1_244' title='bbox 439 3261 493 3324; x_wconf 89' lang='lat' dir='ltr'>vix</span> <span class='ocrx_word' id='word_1_245' title='bbox 516 3259 705 3324; x_wconf 77' lang='lat' dir='ltr'>errabimus</span> 
     </span>
    </p>

    <p class='ocr_par' dir='ltr' id='par_1_4' title="bbox 310 3360 1606 3543">
     <span class='ocr_line' id='line_1_30' title="bbox 393 3360 1606 3444; baseline -0.002 -17"><span class='ocrx_word' id='word_1_246' title='bbox 393 3363 472 3428; x_wconf 88' lang='lat' dir='ltr'>Sola</span> <span class='ocrx_word' id='word_1_247' title='bbox 500 3364 597 3444; x_wconf 79' lang='lat' dir='ltr'>igitur</span> <span class='ocrx_word' id='word_1_248' title='bbox 627 3362 660 3425; x_wconf 93' lang='lat' dir='ltr'>in</span> <span class='ocrx_word' id='word_1_249' title='bbox 689 3362 848 3427; x_wconf 90' lang='lat' dir='ltr'>Heraclea</span> <span class='ocrx_word' id='word_1_250' title='bbox 870 3361 1077 3444; x_wconf 88' lang='lat' dir='ltr'>Panyassidis</span> <span class='ocrx_word' id='word_1_251' title='bbox 1108 3362 1210 3444; x_wconf 83' lang='lat' dir='ltr'>gloria</span> <span class='ocrx_word' id='word_1_252' title='bbox 1239 3362 1347 3443; x_wconf 92' lang='lat' dir='ltr'>posita</span> <span class='ocrx_word' id='word_1_253' title='bbox 1378 3367 1436 3440; x_wconf 79' lang='lat' dir='ltr'>est,</span> <span class='ocrx_word' id='word_1_254' title='bbox 1468 3380 1533 3443; x_wconf 93' lang='lat' dir='ltr'>quo</span> <span class='ocrx_word' id='word_1_255' title='bbox 1564 3360 1606 3425; x_wconf 90' lang='lat' dir='ltr'>de</span> 
     </span>
     <span class='ocr_line' id='line_1_31' title="bbox 310 3465 1606 3543; baseline -0.001 -14"><span class='ocrx_word' id='word_1_256' title='bbox 310 3467 453 3529; x_wconf 89' lang='lat' dir='ltr'>carmine</span> <span class='ocrx_word' id='word_1_257' title='bbox 482 3485 568 3529; x_wconf 92' lang='lat' dir='ltr'>nunc</span> <span class='ocrx_word' id='word_1_258' title='bbox 598 3468 648 3528; x_wconf 89' lang='lat' dir='ltr'>est</span> <span class='ocrx_word' id='word_1_259' title='bbox 678 3465 860 3528; x_wconf 87' lang='lat' dir='ltr'>dicendum.</span> <span class='ocrx_word' id='word_1_260' title='bbox 910 3465 1070 3529; x_wconf 91' lang='lat' dir='ltr'>Versuum</span> <span class='ocrx_word' id='word_1_261' title='bbox 1099 3465 1197 3530; x_wconf 77' lang='lat' dir='ltr'>fuisse</span> <span class='ocrx_word' id='word_1_262' title='bbox 1227 3485 1345 3530; x_wconf 90' lang='lat' dir='ltr'>novem</span> <span class='ocrx_word' id='word_1_263' title='bbox 1374 3466 1474 3543; x_wconf 90' lang='lat' dir='ltr'>milia,</span> <span class='ocrx_word' id='word_1_264' title='bbox 1504 3465 1606 3529; x_wconf 89' lang='lat' dir='ltr'>libros</span> 
     </span>
    </p>
   </div>
   <div class='ocr_carea' id='block_1_3' title="bbox 306 3649 1607 4578">
    <p class='ocr_par' dir='ltr' id='par_1_5' title="bbox 306 3649 1606 3809">
     <span class='ocr_line' id='line_1_32' title="bbox 396 3649 1606 3725; baseline -0.002 -18"><span class='ocrx_word' id='word_1_265' title='bbox 396 3653 418 3721; x_wconf 86' lang='lat'>¹)</span> <span class='ocrx_word' id='word_1_266' title='bbox 446 3671 466 3707; x_wconf 92' lang='lat' dir='ltr'>s.</span> <span class='ocrx_word' id='word_1_267' title='bbox 485 3669 511 3706; x_wconf 83' lang='lat' dir='ltr'>v.</span> <span class='ocrx_word' id='word_1_268' title='bbox 530 3651 658 3711; x_wconf 79' lang='grc' dir='ltr'>Πανύασις</span> <span class='ocrx_word' id='word_1_269' title='bbox 677 3692 684 3706; x_wconf 94' lang='grc'><strong>.</strong></span> <span class='ocrx_word' id='word_1_270' title='bbox 703 3693 710 3705; x_wconf 97' lang='grc'><strong>.</strong></span> <span class='ocrx_word' id='word_1_271' title='bbox 730 3693 736 3706; x_wconf 90' lang='grc'><strong>.</strong></span> <span class='ocrx_word' id='word_1_272' title='bbox 754 3652 872 3724; x_wconf 71' lang='grc' dir='ltr'>(ἔγραψε)</span> <span class='ocrx_word' id='word_1_273' title='bbox 893 3651 998 3708; x_wconf 75' lang='grc' dir='ltr'>Ἰωνικά</span> <span class='ocrx_word' id='word_1_274' title='bbox 1023 3653 1049 3704; x_wconf 73' lang='grc' dir='ltr'>όν</span> <span class='ocrx_word' id='word_1_275' title='bbox 1073 3657 1245 3725; x_wconf 69' lang='grc' dir='ltr'>πενταμέτρῳ,</span> <span class='ocrx_word' id='word_1_276' title='bbox 1264 3655 1315 3708; x_wconf 80' lang='grc' dir='ltr'>ἔστι</span> <span class='ocrx_word' id='word_1_277' title='bbox 1334 3654 1361 3708; x_wconf 77' lang='lat' dir='ltr'>dl</span> <span class='ocrx_word' id='word_1_278' title='bbox 1379 3655 1411 3707; x_wconf 88' lang='grc' dir='ltr'>τά</span> <span class='ocrx_word' id='word_1_279' title='bbox 1429 3655 1486 3722; x_wconf 78' lang='grc' dir='ltr'>περὶ</span> <span class='ocrx_word' id='word_1_280' title='bbox 1504 3649 1606 3722; x_wconf 79' lang='grc' dir='ltr'>Κόδρον</span> 
     </span>
     <span class='ocr_line' id='line_1_33' title="bbox 306 3735 1033 3809; baseline 0.003 -17"><span class='ocrx_word' id='word_1_281' title='bbox 306 3741 351 3793; x_wconf 83' lang='grc' dir='ltr'>καὶ</span> <span class='ocrx_word' id='word_1_282' title='bbox 369 3737 461 3809; x_wconf 75' lang='grc' dir='ltr'>Νηλέα</span> <span class='ocrx_word' id='word_1_283' title='bbox 479 3739 522 3791; x_wconf 80' lang='grc' dir='ltr'>καὶ</span> <span class='ocrx_word' id='word_1_284' title='bbox 540 3739 585 3798; x_wconf 86' lang='grc' dir='ltr'>τὰς</span> <span class='ocrx_word' id='word_1_285' title='bbox 600 3735 719 3798; x_wconf 81' lang='grc' dir='ltr'>Ἰωνικὰς</span> <span class='ocrx_word' id='word_1_286' title='bbox 739 3739 863 3798; x_wconf 75' lang='grc' dir='ltr'>ἀποικίας·</span> <span class='ocrx_word' id='word_1_287' title='bbox 882 3739 916 3798; x_wconf 79' lang='grc' dir='ltr'>εἰς</span> <span class='ocrx_word' id='word_1_288' title='bbox 935 3739 984 3809; x_wconf 79' lang='grc' dir='ltr'>ἔπη</span> <span class='ocrx_word' id='word_1_289' title='bbox 1006 3740 1033 3808; x_wconf 51' lang='lat' dir='ltr'>,Q</span> 
     </span>
    </p>

    <p class='ocr_par' dir='ltr' id='par_1_6' title="bbox 306 3823 1607 3981">
     <span class='ocr_line' id='line_1_34' title="bbox 393 3823 1607 3894; baseline -0.002 -15"><span class='ocrx_word' id='word_1_290' title='bbox 393 3825 415 3894; x_wconf 82' lang='lat'>²)</span> <span class='ocrx_word' id='word_1_291' title='bbox 442 3826 541 3894; x_wconf 72' lang='lat' dir='ltr'>Magna</span> <span class='ocrx_word' id='word_1_292' title='bbox 565 3825 686 3878; x_wconf 80' lang='lat' dir='ltr'>camnine</span> <span class='ocrx_word' id='word_1_293' title='bbox 710 3830 878 3893; x_wconf 87' lang='lat' dir='ltr'>pentametro</span> <span class='ocrx_word' id='word_1_294' title='bbox 903 3826 1002 3894; x_wconf 90' lang='lat' dir='ltr'>scripta</span> <span class='ocrx_word' id='word_1_295' title='bbox 1025 3827 1137 3880; x_wconf 90' lang='lat' dir='ltr'>omnino</span> <span class='ocrx_word' id='word_1_296' title='bbox 1160 3843 1217 3880; x_wconf 89' lang='lat' dir='ltr'>non</span> <span class='ocrx_word' id='word_1_297' title='bbox 1241 3832 1356 3880; x_wconf 84' lang='lat' dir='ltr'>exstant.</span> <span class='ocrx_word' id='word_1_298' title='bbox 1393 3827 1471 3892; x_wconf 85' lang='lat' dir='ltr'>Quae</span> <span class='ocrx_word' id='word_1_299' title='bbox 1493 3823 1607 3878; x_wconf 86' lang='lat' dir='ltr'>collecta</span> 
     </span>
     <span class='ocr_line' id='line_1_35' title="bbox 306 3910 1606 3981; baseline -0.004 -15"><span class='ocrx_word' id='word_1_300' title='bbox 306 3912 498 3966; x_wconf 88' lang='lat' dir='ltr'>Tzschirnerus</span> <span class='ocrx_word' id='word_1_301' title='bbox 522 3916 641 3964; x_wconf 82' lang='lat' dir='ltr'>extremo</span> <span class='ocrx_word' id='word_1_302' title='bbox 666 3910 734 3962; x_wconf 88' lang='lat' dir='ltr'>libro</span> <span class='ocrx_word' id='word_1_303' title='bbox 753 3926 802 3964; x_wconf 89' lang='lat' dir='ltr'>suo</span> <span class='ocrx_word' id='word_1_304' title='bbox 821 3911 908 3966; x_wconf 89' lang='lat' dir='ltr'>reddit</span> <span class='ocrx_word' id='word_1_305' title='bbox 931 3928 956 3980; x_wconf 90' lang='lat' dir='ltr'>p.</span> <span class='ocrx_word' id='word_1_306' title='bbox 973 3913 1084 3966; x_wconf 68' lang='lat'>72-77.</span> <span class='ocrx_word' id='word_1_307' title='bbox 1111 3913 1145 3966; x_wconf 87' lang='lat' dir='ltr'>cl.</span> <span class='ocrx_word' id='word_1_308' title='bbox 1162 3930 1188 3981; x_wconf 93' lang='lat' dir='ltr'>p.</span> <span class='ocrx_word' id='word_1_309' title='bbox 1206 3913 1252 3977; x_wconf 85' lang='lat'>33,</span> <span class='ocrx_word' id='word_1_310' title='bbox 1277 3912 1369 3966; x_wconf 89' lang='lat' dir='ltr'>omnia</span> <span class='ocrx_word' id='word_1_311' title='bbox 1392 3917 1456 3966; x_wconf 88' lang='lat' dir='ltr'>sunt</span> <span class='ocrx_word' id='word_1_312' title='bbox 1472 3910 1606 3965; x_wconf 75' lang='lat' dir='ltr'>breviora.</span> 
     </span>
    </p>

    <p class='ocr_par' dir='ltr' id='par_1_7' title="bbox 306 3995 1605 4155">
     <span class='ocr_line' id='line_1_36' title="bbox 393 3995 1605 4068; baseline -0.004 -18"><span class='ocrx_word' id='word_1_313' title='bbox 393 3995 417 4060; x_wconf 83' lang='lat'>³)</span> <span class='ocrx_word' id='word_1_314' title='bbox 444 4014 470 4065; x_wconf 89' lang='lat' dir='ltr'>p.</span> <span class='ocrx_word' id='word_1_315' title='bbox 489 3996 531 4050; x_wconf 74' lang='lat'>34.</span> <span class='ocrx_word' id='word_1_316' title='bbox 567 3997 766 4050; x_wconf 88' lang='lat' dir='ltr'>Documentum</span> <span class='ocrx_word' id='word_1_317' title='bbox 786 3997 900 4064; x_wconf 86' lang='lat' dir='ltr'>sumpsit</span> <span class='ocrx_word' id='word_1_318' title='bbox 917 4015 951 4051; x_wconf 83' lang='lat' dir='ltr'>ex</span> <span class='ocrx_word' id='word_1_319' title='bbox 968 3999 1022 4052; x_wconf 85' lang='lat' dir='ltr'>hoc</span> <span class='ocrx_word' id='word_1_320' title='bbox 1039 3999 1112 4054; x_wconf 89' lang='lat' dir='ltr'>loco:</span> <span class='ocrx_word' id='word_1_321' title='bbox 1131 3997 1160 4050; x_wconf 82' lang='grc' dir='ltr'>τὸ</span> <span class='ocrx_word' id='word_1_322' title='bbox 1178 3998 1206 4050; x_wconf 80' lang='lat' dir='ltr'>n</span> <span class='ocrx_word' id='word_1_323' title='bbox 1224 3997 1336 4068; x_wconf 71' lang='grc' dir='ltr'>ἐλεγεῖον</span> <span class='ocrx_word' id='word_1_324' title='bbox 1355 4001 1456 4066; x_wconf 72' lang='grc' dir='ltr'>μέτρον·</span> <span class='ocrx_word' id='word_1_325' title='bbox 1475 3997 1539 4055; x_wconf 72' lang='grc' dir='ltr'>τινάς</span> <span class='ocrx_word' id='word_1_326' title='bbox 1557 3995 1605 4064; x_wconf 79' lang='grc' dir='ltr'>μὲν</span> 
     </span>
     <span class='ocr_line' id='line_1_37' title="bbox 306 4080 1443 4155; baseline 0.002 -19"><span class='ocrx_word' id='word_1_327' title='bbox 306 4085 478 4154; x_wconf 80' lang='grc' dir='ltr'>πεντάμετρον</span> <span class='ocrx_word' id='word_1_328' title='bbox 500 4083 562 4135; x_wconf 72' lang='lat' dir='ltr'>adad</span> <span class='ocrx_word' id='word_1_329' title='bbox 582 4095 656 4155; x_wconf 71' lang='grc' dir='ltr'>φασιν</span> <span class='ocrx_word' id='word_1_330' title='bbox 675 4080 748 4134; x_wconf 80' lang='grc' dir='ltr'>εἶναι.</span> <span class='ocrx_word' id='word_1_331' title='bbox 784 4082 874 4136; x_wconf 87' lang='lat' dir='ltr'>Schol.</span> <span class='ocrx_word' id='word_1_332' title='bbox 893 4084 928 4137; x_wconf 86' lang='lat' dir='ltr'>ad</span> <span class='ocrx_word' id='word_1_333' title='bbox 945 4085 1091 4153; x_wconf 88' lang='lat' dir='ltr'>Hephaest.</span> <span class='ocrx_word' id='word_1_334' title='bbox 1109 4084 1153 4137; x_wconf 86' lang='lat' dir='ltr'>lll.</span> <span class='ocrx_word' id='word_1_335' title='bbox 1170 4101 1198 4152; x_wconf 88' lang='lat' dir='ltr'>p.</span> <span class='ocrx_word' id='word_1_336' title='bbox 1218 4085 1275 4137; x_wconf 87' lang='grc'><strong>186.</strong></span> <span class='ocrx_word' id='word_1_337' title='bbox 1310 4083 1443 4138; x_wconf 76' lang='lat' dir='ltr'>Gaislord.</span> 
     </span>
    </p>

    <p class='ocr_par' dir='ltr' id='par_1_8' title="bbox 306 4167 1607 4578">
     <span class='ocr_line' id='line_1_38' title="bbox 393 4167 1606 4238; baseline -0.002 -16"><span class='ocrx_word' id='word_1_338' title='bbox 393 4168 416 4238; x_wconf 76' lang='lat'>⁴)</span> <span class='ocrx_word' id='word_1_339' title='bbox 443 4168 578 4222; x_wconf 84' lang='lat' dir='ltr'>Funckius</span> <span class='ocrx_word' id='word_1_340' title='bbox 596 4172 623 4221; x_wconf 88' lang='lat' dir='ltr'>et</span> <span class='ocrx_word' id='word_1_341' title='bbox 639 4167 833 4221; x_wconf 88' lang='lat' dir='ltr'>Tzscbimerus</span> <span class='ocrx_word' id='word_1_342' title='bbox 852 4168 884 4221; x_wconf 84' lang='lat' dir='ltr'>cf.</span> <span class='ocrx_word' id='word_1_343' title='bbox 903 4186 929 4237; x_wconf 93' lang='lat' dir='ltr'>p.</span> <span class='ocrx_word' id='word_1_344' title='bbox 948 4169 990 4222; x_wconf 89' lang='lat'>38.</span> <span class='ocrx_word' id='word_1_345' title='bbox 1007 4168 1080 4221; x_wconf 88' lang='lat' dir='ltr'>idem</span> <span class='ocrx_word' id='word_1_346' title='bbox 1098 4169 1156 4222; x_wconf 87' lang='lat' dir='ltr'>sine</span> <span class='ocrx_word' id='word_1_347' title='bbox 1175 4168 1258 4222; x_wconf 89' lang='lat' dir='ltr'>dubio</span> <span class='ocrx_word' id='word_1_348' title='bbox 1276 4175 1347 4224; x_wconf 88' lang='lat' dir='ltr'>recte</span> <span class='ocrx_word' id='word_1_349' title='bbox 1365 4169 1497 4233; x_wconf 84' lang='lat' dir='ltr'>sentiunt,</span> <span class='ocrx_word' id='word_1_350' title='bbox 1519 4184 1606 4236; x_wconf 88' lang='lat' dir='ltr'>quan·</span> 
     </span>
     <span class='ocr_line' id='line_1_39' title="bbox 307 4252 1606 4324; baseline -0.004 -15"><span class='ocrx_word' id='word_1_351' title='bbox 307 4272 391 4323; x_wconf 88' lang='lat' dir='ltr'>quam</span> <span class='ocrx_word' id='word_1_352' title='bbox 415 4254 518 4323; x_wconf 87' lang='lat' dir='ltr'>priores</span> <span class='ocrx_word' id='word_1_353' title='bbox 540 4253 660 4322; x_wconf 88' lang='lat' dir='ltr'>plerique</span> <span class='ocrx_word' id='word_1_354' title='bbox 683 4252 815 4306; x_wconf 90' lang='lat' dir='ltr'>nonnulla</span> <span class='ocrx_word' id='word_1_355' title='bbox 838 4254 990 4322; x_wconf 75' lang='lat' dir='ltr'>fragmenta</span> <span class='ocrx_word' id='word_1_356' title='bbox 1013 4255 1064 4320; x_wconf 86' lang='lat'>(13,</span> <span class='ocrx_word' id='word_1_357' title='bbox 1085 4255 1125 4319; x_wconf 75' lang='lat'>14,</span> <span class='ocrx_word' id='word_1_358' title='bbox 1143 4253 1177 4306; x_wconf 68' lang='lat' dir='ltr'>ll</span> <span class='ocrx_word' id='word_1_359' title='bbox 1195 4255 1268 4322; x_wconf 88' lang='lat' dir='ltr'>apud</span> <span class='ocrx_word' id='word_1_360' title='bbox 1285 4254 1435 4324; x_wconf 88' lang='lat' dir='ltr'>Tzschim.)</span> <span class='ocrx_word' id='word_1_361' title='bbox 1459 4255 1493 4307; x_wconf 86' lang='lat' dir='ltr'>ad</span> <span class='ocrx_word' id='word_1_362' title='bbox 1510 4252 1606 4307; x_wconf 88' lang='lat' dir='ltr'>Ionica</span> 
     </span>
     <span class='ocr_line' id='line_1_40' title="bbox 306 4337 1607 4408; baseline -0.002 -15"><span class='ocrx_word' id='word_1_363' title='bbox 306 4340 477 4405; x_wconf 87' lang='lat' dir='ltr'>rettulerunt,</span> <span class='ocrx_word' id='word_1_364' title='bbox 502 4338 661 4394; x_wconf 89' lang='lat' dir='ltr'>Duebnerus</span> <span class='ocrx_word' id='word_1_365' title='bbox 679 4339 760 4392; x_wconf 84' lang='lat' dir='ltr'>etiam</span> <span class='ocrx_word' id='word_1_366' title='bbox 779 4339 843 4406; x_wconf 63' lang='grc' dir='ltr'>ῆς..</span> <span class='ocrx_word' id='word_1_367' title='bbox 868 4355 938 4407; x_wconf 89' lang='lat' dir='ltr'>quae</span> <span class='ocrx_word' id='word_1_368' title='bbox 957 4340 1029 4408; x_wconf 88' lang='lat' dir='ltr'>apud</span> <span class='ocrx_word' id='word_1_369' title='bbox 1047 4340 1140 4394; x_wconf 79' lang='lat' dir='ltr'>Tasch.</span> <span class='ocrx_word' id='word_1_370' title='bbox 1161 4340 1193 4393; x_wconf 77' lang='lat' dir='ltr'>1a</span> <span class='ocrx_word' id='word_1_371' title='bbox 1211 4344 1238 4393; x_wconf 89' lang='lat' dir='ltr'>et</span> <span class='ocrx_word' id='word_1_372' title='bbox 1255 4339 1290 4392; x_wconf 76' lang='lat' dir='ltr'>al</span> <span class='ocrx_word' id='word_1_373' title='bbox 1307 4346 1384 4406; x_wconf 88' lang='lat' dir='ltr'>sunt,</span> <span class='ocrx_word' id='word_1_374' title='bbox 1411 4340 1445 4394; x_wconf 88' lang='lat' dir='ltr'>ad</span> <span class='ocrx_word' id='word_1_375' title='bbox 1463 4356 1497 4394; x_wconf 87' lang='lat' dir='ltr'>ea</span> <span class='ocrx_word' id='word_1_376' title='bbox 1513 4337 1607 4392; x_wconf 85' lang='lat' dir='ltr'>referri</span> 
     </span>
     <span class='ocr_line' id='line_1_41' title="bbox 306 4424 1606 4494; baseline -0.003 -14"><span class='ocrx_word' id='word_1_377' title='bbox 306 4442 388 4494; x_wconf 86' lang='lat' dir='ltr'>posse</span> <span class='ocrx_word' id='word_1_378' title='bbox 410 4425 522 4480; x_wconf 89' lang='lat' dir='ltr'>censuit.</span> <span class='ocrx_word' id='word_1_379' title='bbox 569 4424 643 4479; x_wconf 87' lang='lat' dir='ltr'>Haec</span> <span class='ocrx_word' id='word_1_380' title='bbox 665 4426 829 4493; x_wconf 68' lang='lat' dir='ltr'>fragmenta,</span> <span class='ocrx_word' id='word_1_381' title='bbox 854 4424 901 4491; x_wconf 87' lang='lat' dir='ltr'>qui</span> <span class='ocrx_word' id='word_1_382' title='bbox 923 4425 1029 4493; x_wconf 77' lang='lat' dir='ltr'>legerit,</span> <span class='ocrx_word' id='word_1_383' title='bbox 1053 4425 1121 4479; x_wconf 87' lang='lat' dir='ltr'>nihil</span> <span class='ocrx_word' id='word_1_384' title='bbox 1143 4441 1209 4490; x_wconf 87' lang='lat' dir='ltr'>esse,</span> <span class='ocrx_word' id='word_1_385' title='bbox 1233 4425 1307 4493; x_wconf 89' lang='lat' dir='ltr'>quod</span> <span class='ocrx_word' id='word_1_386' title='bbox 1326 4427 1360 4479; x_wconf 86' lang='lat' dir='ltr'>ad</span> <span class='ocrx_word' id='word_1_387' title='bbox 1378 4425 1471 4480; x_wconf 89' lang='lat' dir='ltr'>Ionica</span> <span class='ocrx_word' id='word_1_388' title='bbox 1495 4439 1606 4478; x_wconf 87' lang='lat' dir='ltr'>carmen</span> 
     </span>
     <span class='ocr_line' id='line_1_42' title="bbox 307 4510 810 4578; baseline -0.002 -14"><span class='ocrx_word' id='word_1_389' title='bbox 307 4511 398 4565; x_wconf 85' lang='lat' dir='ltr'>referri</span> <span class='ocrx_word' id='word_1_390' title='bbox 415 4512 540 4576; x_wconf 88' lang='lat' dir='ltr'>debeant,</span> <span class='ocrx_word' id='word_1_391' title='bbox 559 4511 650 4564; x_wconf 85' lang='lat' dir='ltr'>statim</span> <span class='ocrx_word' id='word_1_392' title='bbox 667 4510 810 4578; x_wconf 79' lang='lat' dir='ltr'>intelleget.</span> 
     </span>
    </p>
   </div>
   <div class='ocr_carea' id='block_1_4' title="bbox 0 0 1811 5288">
    <p class='ocr_par' dir='ltr' id='par_1_9' title="bbox 0 0 1811 5288">
     <span class='ocr_line' id='line_1_43' title="bbox 0 0 1811 5288; baseline 0 0"><span class='ocrx_word' id='word_1_393' title='bbox 0 0 1811 5288; x_wconf 95' lang='lat' dir='ltr'> </span> 
     </span>
    </p>
   </div>
  </div>
 </body>
</html>
