3604 5288
862 295 1073 360 ,69-

321 465 403 530 liber
413 485 481 530 non
496 466 586 547 epici,
603 467 661 531 sed
679 466 809 531 alterius
820 465 1267 548 Panyassidis'Halicamassei
1282 485 1353 530 esse
1368 465 1542 530 iudicatum
1556 468 1615 543 est,

321 568 413 632 aliter
427 568 496 632 fieri
507 588 575 633 non
584 569 701 651 potuit,
714 571 792 651 quin
803 569 874 634 libri
888 569 1023 651 scriptor
1035 569 1257 651 aPanyasside
1269 569 1360 650 epico
1373 569 1615 650 disiungeretur.

409 672 534 750 Quodsi
556 672 651 737 Duris
675 693 732 738 eos
755 673 910 750 confudit,
941 673 987 737 sic
1009 693 1079 737 rem
1102 677 1244 738 statuere
1267 672 1435 749 debemus,
1465 677 1501 738 ut
1525 693 1615 738 som-

322 776 451 840 niorum
474 775 673 857 scriptorem·
686 780 773 842 recte
796 776 991 841 disiunctum
1014 777 1056 840 ab
1077 777 1168 858 epico
1186 779 1348 857 putemus,
1371 778 1407 840 ut
1425 775 1507 840 liber
1525 796 1615 841 som·

321 878 449 943 niorum
467 879 697 960 aPanyasside
714 879 856 960 quodam
868 879 1119 943 Halicamasseo
1137 880 1274 960 scriptus
1292 879 1344 943 vel
1361 879 1490 943 Duridis
1507 882 1615 944 aetate

320 981 373 1045 vel
390 981 535 1045 eiusdem
554 981 687 1046 arbitrio
705 981 895 1064 Panyassidi
912 981 1004 1064 epico
1023 983 1197 1048 attributus
1218 983 1269 1060 sit,
1293 1003 1366 1047 cum
1385 983 1503 1047 minori
1520 983 1616 1047 alicui

321 1083 547 1148 attribuendus
565 1088 660 1162 esset,
679 1088 715 1149 ut
733 1085 872 1166 denique
883 1085 922 1148 iis
939 1085 1025 1150 hanc
1039 1086 1145 1167 ipsam
1161 1086 1203 1151 ob
1218 1105 1350 1150 causam
1367 1086 1508 1151 contusis
1519 1087 1615 1150 Duris

321 1187 363 1251 de
392 1187 474 1269 epici
501 1191 610 1252 aetate
638 1208 676 1252 ac
705 1191 798 1271 patre
827 1187 989 1252 erraverit.
1034 1188 1081 1252 Ex
1103 1209 1168 1270 quo
1196 1189 1392 1271 intellegitur
1414 1190 1615 1254 sommiorum

321 1291 511 1372 scriptorem
531 1311 570 1355 eo
588 1295 735 1372 tempore
753 1291 879 1368 vixisse,
899 1291 932 1355 in
951 1311 1015 1372 quo
1031 1292 1126 1357 Duris
1143 1292 1226 1356 falso
1245 1292 1372 1374 epicum
1389 1292 1508 1374 posuit.
1530 1292 1616 1357 Vixit
1667 1301 1671 1306 ’

320 1394 416 1475 igitur
437 1395 490 1460 ille
513 1395 714 1476 temporibus
737 1394 814 1458 belli
831 1394 1109 1476 Peloponnesiaci,
1133 1395 1250 1477 quibus
1271 1395 1474 1477 temporibus
1491 1397 1615 1460 somni-

321 1517 414 1561 orum
430 1496 531 1562 libros
549 1497 583 1560 in
597 1518 659 1563 usu
679 1497 778 1562 fuisse
799 1501 935 1561 constat.
969 1497 1054 1561 Tum
1074 1497 1161 1562 enim
1177 1498 1217 1562 de
1235 1498 1438 1562 somniorum
1455 1499 1614 1580 interpre-

320 1601 444 1664 tatione
454 1600 622 1682 Antiphon
636 1599 659 1684 1)
676 1601 809 1682 quidam
826 1599 944 1664 librum
962 1601 1097 1694 scripsit.
1131 1601 1180 1665 Ac
1196 1599 1447 1684 Lysimachus,²)
1463 1601 1615 1666 Aristidis

321 1723 435 1786 nepos
459 1704 616 1768 eiusmodi
638 1704 757 1769 librum
779 1703 927 1785 quaestui
949 1704 1073 1769 habuit.

407 1807 482 1872 Sive
505 1807 600 1888 igitur
627 1806 837 1871 exscribentis
867 1807 1000 1871 alicuius
1031 1827 1139 1872 errore
1170 1809 1237 1873 sive
1259 1808 1388 1872 Duridis
1416 1808 1461 1873 illi
1487 1810 1614 1874 confusi

321 1914 405 1987 sunt,
430 1930 469 1974 ex
490 1913 627 1990 utraque
651 1909 804 1990 opinione
826 1909 1028 1974 somniorum
1051 1911 1188 1992 scriptor
1210 1911 1252 1976 ab
1270 1911 1361 1995 epico
1381 1911 1615 1993 disiungendus

321 2033 358 2077 ac
387 2013 508 2076 florens
536 2013 708 2094 ponendus
739 2016 788 2076 est
816 2012 850 2075 in
881 2012 990 2093 priore
1020 2018 1113 2094 parte
1141 2015 1218 2079 belli
1247 2015 1525 2096 Peloponnesiaci.
1556 2009 1615 2080 ‘At

320 2136 404 2198 quae
432 2116 491 2180 fuit
521 2115 562 2180 de
585 2114 792 2197 Panyassidis
823 2115 906 2196 epici
934 2119 1042 2180 aetate
1070 2116 1228 2182 dissensio
1250 2117 1397 2200 pluribus
1418 2118 1615 2183 testimoniis

232 2272 234 2277 .
323 2223 450 2284 constat
472 2239 570 2301 quam
597 2223 634 2282 ut
656 2219 844 2299 cuiusquam
868 2219 1078 2283 exscribentis
1102 2219 1202 2284 errori
1224 2220 1320 2284 tribui
1343 2221 1455 2303 possit.
1498 2222 1614 2303 Neque

319 2324 414 2404 igitur
425 2323 603 2404 quidquam
613 2322 772 2396 videmus,
785 2321 873 2402 quod
889 2321 964 2386 huic
976 2322 1017 2386 de
1027 2323 1148 2386 Duride
1160 2323 1432 2404 argumentationi
1444 2329 1613 2406 repugnet.

406 2424 498 2502 Quae
522 2445 595 2488 cum
617 2425 663 2488 ita
686 2425 761 2500 sint,
778 2443 846 2487 non
863 2423 999 2488 dubium
1016 2419 1152 2502 videtur,
1175 2425 1253 2506 quid
1271 2426 1312 2490 de
1329 2445 1442 2490 eo1um
1460 2427 1613 2507 opinione

319 2527 528 2591 iudicandum
544 2527 595 2603 sit,
618 2528 673 2608 qui
695 2526 900 2591 Herodotum
919 2527 1066 2592 arbitrati
1083 2532 1159 2592 sunt
1178 2528 1220 2592 ad
1238 2529 1357 2593 mirum
1373 2529 1452 2594 illud
1468 2529 1613 2611 prodigi-

320 2649 413 2693 orum
430 2633 462 2693 et
479 2629 684 2693 oraculorum
696 2629 848 2707 studium,
862 2629 950 2711 quod
965 2630 998 2693 in
1015 2631 1083 2694 eius
1094 2631 1280 2695 narratione
1291 2617 1492 2712 perspicitur,
1504 2631 1613 2715 Pany-

290 2718 292 2722 ’
319 2731 435 2796 assidis
452 2731 581 2814 cognati
597 2732 746 2813 exemplo
764 2732 939 2796 excitatum
955 2752 1036 2797 esse.
1070 2734 1130 2798 Hic
1148 2734 1234 2798 enim
1249 2734 1471 2815 prodigiorum
1489 2735 1613 2816 peritus

318 2835 392 2900 duci
426 2835 495 2918 ipse
525 2836 591 2900 iam
616 2855 684 2900 non
708 2839 827 2917 potest.
886 2835 1060 2917 Panyassis
1095 2841 1205 2901 autem
1240 2836 1440 2901 sonmiorum
1474 2839 1614 2920 scriptor

318 2959 386 3003 non
415 2940 521 3005 solum
552 2940 654 3020 epico,
684 2939 743 3004 sed
773 2940 871 3004 etiam
892 2939 1061 3003 Herodoto
1092 2940 1198 3003 minor
1224 2939 1293 3004 fuit.
1343 2939 1494 3004 Neutrius
1516 2941 1614 3022 igitur

317 3043 383 3106 ulla
404 3043 487 3106 ratio
509 3043 605 3106 nobis
627 3042 781 3106 habenda
803 3046 853 3106 est
875 3042 1129 3124 inquirentibus,
1152 3060 1235 3123 quae
1257 3041 1341 3106 illius
1369 3042 1467 3107 studii
1493 3063 1613 3110 causae

318 3145 446 3222 fuerint,
471 3164 535 3226 qua
555 3165 591 3208 re
612 3144 819 3225 potissimum
843 3145 971 3209 excitati
992 3145 1035 3208 ad
1057 3145 1142 3209 hanc
1164 3145 1389 3226 quaestionem
1412 3147 1612 3212 devenimus.

404 3247 484 3325 Quis
517 3247 735 3328 Panyassides
769 3247 923 3311 confusos
963 3247 1157 3325 distinxerit,
1199 3248 1356 3312 incertum
1389 3249 1611 3331 relinquimus,

318 3369 505 3430 quanquam
534 3349 575 3414 de
603 3370 642 3414 eo
669 3350 924 3430 haudquaquam
947 3349 1056 3414 omnia
1075 3346 1246 3414 nescimus.
1295 3350 1460 3428 Quoniam
1482 3352 1612 3418 enim'a

317 3452 437 3516 Duride
467 3452 539 3517 illos
569 3453 723 3517 confusos
751 3452 970 3535 cognovimus
1003 3453 1058 3533 qui
1086 3454 1265 3535 Panyassin
1295 3454 1421 3535 epicum
1453 3455 1612 3534 Samium,

318 3555 438 3620 Dioclis
455 3555 566 3633 filium,
590 3556 632 3620 ol.
649 3555 690 3620 78
709 3560 824 3619 natum
840 3556 1010 3636 putaverit,
1033 3557 1075 3620 ab
1093 3555 1184 3640 epico
1201 3557 1401 3621 somniorum
1420 3559 1612 3640 scriptorem

318 3658 501 3722 distinxisse
527 3678 625 3723 nemo
654 3663 764 3740 potest
789 3658 851 3722 nisi
882 3659 937 3739 qui
958 3658 1137 3740 Panyassin
1165 3659 1293 3740 epicum
1314 3659 1610 3737 Halicarnasseum,

317 3761 485 3842 Polyarchi
497 3761 608 3839 filium,
624 3762 700 3826 belli
712 3760 831 3826 Persici
845 3762 1025 3842 aequalem,
1038 3781 1058 3826 a
1069 3761 1265 3843 Lygdamide
1277 3767 1439 3842 necatum,
1450 3764 1612 3828 Herodoti

317 3868 492 3946 cognatum
523 3884 593 3928 esse
624 3863 724 3929 scivit.
769 3864 817 3928 Ex
839 3884 903 3945 quo
926 3864 1121 3946 intellegitur
1149 3865 1240 3929 illum
1262 3870 1337 3947 post
1358 3866 1459 3930 Durin
1481 3867 1609 3931 vixisse.

316 3967 365 4031 Ac
390 3967 486 4049 plura
516 3967 557 4031 de
588 3986 627 4031 eo
658 3967 786 4031 scimus.
842 3968 932 4032 Idem
967 3968 1054 4032 enim
1087 3971 1143 4032 aut
1176 3972 1378 4049 compertum
1409 3969 1523 4033 habuit
1552 3973 1611 4033 aut

318 4069 552 4135 demonstravit
574 4069 754 4151 Panyassin
775 4070 880 4147 illum,
909 4072 964 4152 qui
987 4072 1028 4135 de
1051 4071 1184 4134 somniis
1207 4071 1325 4135 librum
1348 4069 1488 4151 scripsit,
1516 4069 1609 4133 Hali-

318 4190 525 4251 carnasseum
552 4173 666 4249 brisso,
699 4173 784 4238 idem
816 4173 903 4238 hunc
929 4174 1048 4237 librum
1071 4194 1091 4238 a
1113 4174 1311 4255 Panyasside
1339 4173 1430 4254 epico
1453 4173 1611 4254 scriptum

186 4300 189 4306 ·
317 4293 389 4337 esse
411 4276 550 4354 negavit,
573 4277 661 4342 idem
683 4277 778 4340 huius
800 4277 916 4340 florem
939 4276 980 4339 ol.
1001 4276 1041 4338 75
1065 4276 1222 4357 ascripsit,
1246 4277 1336 4340 illum
1358 4277 1391 4340 in
1413 4275 1489 4340 belli
1511 4276 1608 4340 Pelo·

405 4411 426 4478 1)
452 4412 643 4482 Hermogenes,
662 4415 695 4468 de
713 4418 781 4468 orat.
799 4413 843 4482 fig.
862 4413 895 4466 II.
916 4414 957 4467 11.
975 4430 1001 4481 p.
1020 4413 1070 4466 387
1090 4413 1173 4466 Walz.
1191 4443 1226 4450 -
1245 4414 1320 4482 Diog.
1339 4413 1426 4467 Laert.
1445 4413 1478 4466 ΙΙ.
1496 4413 1537 4466 lo.

401 4495 426 4565 ²)
455 4497 522 4552 Plut.
541 4498 620 4553 Arist.
639 4500 680 4553 17.
