3604 5288
724 292 936 356 „pg-

181 466 363 532 communis
377 465 480 547 origo
504 469 562 542 est,
585 465 631 528 ita
651 464 773 547 pariter
796 484 910 528 omnes
933 469 1076 529 aetatem
1094 464 1301 546 Panyassidis
1323 464 1478 544 mdicant,

182 590 280 652 quem
309 553 424 633 omnes
451 568 590 632 doceant
618 567 652 630 in
674 571 783 632 aetate
805 568 949 648 positum
971 567 1047 642 belli
1068 567 1345 648 Peloponnesiaci.
1390 567 1477 631 Con-

182 674 268 737 fecto
293 672 379 736 enim
404 671 466 735 hoc
487 671 574 736 bello
591 669 807 734 Antimachus
829 674 937 734 aetate
959 670 1079 746 floruit,
1100 669 1198 734 laude
1216 669 1325 733 floruit
1340 669 1478 734 Stesim·

182 776 296 839 brotus
329 773 425 838 huius
458 773 535 838 belli
569 773 669 837 initio.
732 772 799 837 Nec
837 773 996 836 dissensio
1029 772 1157 836 videtur
1190 771 1257 836 ulla
1289 771 1330 835 de
1365 791 1477 836 eorum

183 875 344 941 aetatibus
374 876 489 954 fuisse,
515 876 556 940 de
586 875 703 958 quibus
736 895 821 956 quae
850 875 946 940 nobis
974 875 1147 940 traduntur
1177 875 1314 956 optime.
1330 875 1413 939 inter
1442 895 1479 939 se

182 979 353 1060 quadrant.

267 1081 304 1146 Id
330 1086 367 1146 ut
396 1082 438 1147 de
459 1080 647 1144 Antimachi
676 1081 785 1145 aetate
815 1081 1087 1157 demonstremus,
1118 1080 1286 1145 exordium
1314 1079 1478 1144 aSuidae

181 1184 288 1250 verbis
305 1185 475 1261 sumimus,
495 1203 579 1265 quae
591 1203 617 1247 s.
629 1203 658 1247 v.
671 1183 857 1248 Antimachi
874 1184 1038 1264 legrmtur:
1061 1184 1165 1264 γέγονε
1182 1185 1215 1248 δὲ
1230 1186 1287 1268 πρὸ
1306 1180 1477 1255 Πλάτωνος.

181 1288 229 1352 Ea
258 1287 341 1351 falso
372 1286 643 1367 intellegerentur,
676 1285 703 1350 si
733 1285 816 1368 quis
834 1305 874 1350 ex
902 1286 941 1348 iis
971 1286 1049 1368 ipsis
1085 1287 1316 1350 documentum
1346 1305 1478 1350 sumens

181 1388 415 1454 Antimachum
439 1391 516 1453 ante
536 1389 682 1453 Platonis
705 1390 850 1467 aetatem
863 1387 989 1452 uixisse
1010 1387 1230 1453 arbitraretur.
1268 1389 1354 1452 Nam
1375 1391 1479 1471 γέγονε

183 1492 329 1570 verbum,
364 1511 438 1556 cum
470 1493 558 1574 apud
585 1492 722 1557 Suidam
750 1490 792 1554 da
819 1494 928 1555 aetate
957 1490 1037 1554 nihil
1065 1491 1204 1572 amplius
1233 1491 1390 1572 significet
1415 1491 1478 1555 nisi

183 1595 297 1660 haberi
326 1595 468 1676 aliquem
496 1599 645 1676 tempore
676 1594 821 1676 quodam
850 1595 918 1658 sive
944 1597 1058 1658 natum
1088 1594 1155 1658 sive
1178 1583 1286 1658 aetate
1308 1593 1479 1658 florentem

183 1699 250 1762 sive
280 1697 413 1762 omnino
443 1697 624 1779 aequalem,
638 1697 662 1782 l)
691 1697 734 1761 ad
762 1701 868 1761 totam
897 1700 1041 1761 aetatem
1067 1716 1134 1761 non
1162 1698 1298 1778 spectat.
1343 1696 1478 1762 Etiamsi

182 1804 292 1865 autem
315 1801 379 1864 hoc
401 1801 539 1865 verbum
560 1800 658 1881 plane
680 1800 881 1882 neglegimus
908 1800 997 1864 haud
1019 1800 1158 1865 scientes
1179 1819 1223 1864 an
1245 1799 1413 1881 quondam
1435 1800 1478 1864 ad

183 1903 376 1986 olympiadis
398 1922 573 1966 numerum
594 1923 681 1967 nunc
703 1902 1084 1984 omissum'pertinuerit,
1106 1906 1218 1966 tamen
1238 1902 1319 1967 nihil
1333 1903 1479 1984 postulat

183 2010 220 2070 ut
242 2005 284 2068 ad
306 2009 411 2068 totam
426 2004 573 2068 Platonis
595 2009 737 2069 aetatem
759 2006 861 2070 verba
882 2010 939 2088 πρὸ
963 2003 1158 2082 liittranch
1181 2004 1371 2082 referamus
1394 2025 1478 2086 quae

183 2109 284 2172 immo
313 2105 394 2169 nihil
422 2106 509 2170 aliud
538 2107 599 2170 sibi
620 2107 733 2171 volunt
755 2108 817 2171 nisi
838 2107 1069 2171 Antimachum
1092 2110 1200 2171 aetate
1222 2107 1321 2170 fuisse
1342 2107 1479 2171 Platone

184 2209 394 2291 superiorem.
405 2205 431 2286 3)
466 2208 529 2286 Qui
546 2209 634 2273 enim
651 2213 707 2293 πρὸ
727 2207 886 2281 Πλάτωνος
903 2209 973 2286 fuit,
990 2209 1131 2273 eundem
1145 2209 1291 2272 Platonis
1307 2208 1479 2290 aequalem

184 2313 284 2377 fuisse
305 2331 404 2393 posse
426 2311 543 2377 similia
559 2311 680 2377 Suidae
703 2313 853 2395 exempla
875 2313 1003 2389 docent,
1027 2331 1167 2394 quornm
1189 2311 1254 2374 duo
1278 2311 1390 2375 affero.
1430 2311 1479 2375 De

183 2415 361 2478 Polemone
386 2418 515 2479 oratore
537 2415 656 2480 Suidas
679 2436 704 2480 s.
727 2437 757 2480 v.
781 2415 873 2480 dicit:
895 2402 931 2500 ἦν
955 2414 1029 2480 δ’ἐπὶ
1052 2413 1199 2500 Τραιανοῡ
1221 2418 1271 2480 καὶ
1293 2413 1355 2498 μετ’
1379 2415 1478 2488 αὐτόν,

184 2519 225 2582 de
246 2518 428 2583 Potamone
451 2521 562 2584 autem
582 2517 795 2601 philosopho:
817 2524 948 2602 γεγονὼς
967 2522 1024 2602 πρὸ
1041 2518 1216 2600 Αὐγούστου
1232 2521 1282 2582 καὶ
1298 2517 1360 2602 μετ’
1379 2519 1478 2582 αὐτόν.

183 2622 399 2703 Nequaquam
437 2622 533 2703 igitur
571 2641 654 2704 opus
693 2625 743 2687 est
776 2621 927 2687 arbitrari
959 2621 1191 2685 Antimachum
1224 2623 1299 2685 ante
1331 2620 1478 2685 Platonis

184 2727 327 2788 aetatem
348 2724 475 2788 vixisse.
521 2724 603 2790 Cum
624 2744 702 2789 vero
718 2723 951 2788 Antimachum
966 2724 1112 2789 Platonis
1134 2723 1306 2804 aequalem
1327 2722 1427 2786 fuisse
1446 2726 1478 2787 et

184 2827 226 2890 ab
240 2845 278 2890 eo
291 2828 424 2890 maximi
436 2828 644 2892 aestimatum
657 2847 728 2891 esse
745 2828 895 2902 sciamus,
911 2825 1138 2905 intellegimus
1157 2844 1257 2905 quam
1274 2827 1317 2888 ob
1335 2845 1477 2902 causam,

186 2947 271 3009 quae
295 2928 379 2991 inter
407 2946 519 2991 eorum
547 2932 671 2992 aetates
701 2929 784 2991 ratio
814 2927 1004 3005 intercedat
1031 2927 1165 2990 omnino
1195 2931 1478 2991 commemoretur.

185 3029 279 3093 Unde
302 3032 449 3111 apparet,
473 3029 552 3111 quid
572 3030 674 3094 verba
695 3034 752 3115 πρὸ
776 3027 937 3102 Πλάτωνος
960 3030 1021 3094 sibi
1043 3029 1152 3094 velint.
1292 3019 1294 3024 ’

270 3132 416 3196 Platonis
439 3133 526 3196 enim
547 3133 580 3196 in
592 3137 710 3218 aetate
727 3133 914 3198 Antimachi
935 3132 1147 3213 significanda
1168 3132 1251 3196 ratio
1274 3132 1389 3197 haberi
1410 3152 1478 3197 non

184 3235 300 3316 potuit,
323 3235 385 3298 nisi
407 3235 497 3316 quod
516 3254 629 3299 eorum
647 3236 851 3301 necessitudo
870 3236 1032 3318 quaedam
1049 3235 1224 3299 ferebatur.
1258 3235 1351 3314 Quae
1367 3238 1478 3300 autem

185 3338 227 3401 de
250 3357 289 3402 ea
311 3339 539 3414 narrabantur,
571 3357 610 3402 ex
631 3338 670 3402 iis
692 3338 771 3421 ipsis
793 3339 975 3421 apparebat
996 3336 1228 3402 Antimachum
1249 3338 1347 3402 fuisse
1370 3342 1478 3403 aetate

189 3478 447 3486 ——-—„-——

273 3541 295 3608 ¹)
322 3541 382 3595 Hoc
396 3547 509 3609 apparet
523 3558 556 3597 ex
568 3543 601 3597 iis
616 3560 687 3612 quae
701 3543 825 3598 Rohdius
840 3543 872 3608 de
887 3543 940 3596 hac
952 3559 982 3596 re
995 3541 1120 3597 dissentit
1133 3558 1165 3596 ac
1178 3542 1291 3611 collegit.
1311 3542 1373 3609 (Rh.
1383 3543 1417 3597 Μ.
1427 3543 1479 3610 33.)

272 3626 294 3695 2)
322 3627 355 3680 ci.
374 3627 447 3680 Suid.
470 3645 491 3681 s.
509 3645 534 3682 v.
554 3628 700 3684 Simonidis
723 3629 787 3684 lut:
811 3629 876 3696 μετὰ
897 3626 1057 3699 Στησίχορον
1082 3635 1136 3687 τοῖς
1160 3628 1270 3698 χρόνοις.
1305 3629 1424 3682 Verbum
1446 3623 1479 3699 ἠν

185 3714 228 3766 vel
245 3715 333 3781 γέγονι
357 3712 442 3770 abest.
465 3741 500 3751 -
522 3731 544 3768 s.
562 3730 589 3767 v.
606 3714 745 3782 philagrii:
769 3721 824 3774 τοῖς
847 3714 951 3786 χρόνοις
973 3712 1038 3780 μετὰ
1056 3711 1181 3783 Γυληνόν.
1208 3731 1230 3769 s.
1249 3731 1274 3768 v.
1292 3715 1402 3784 Aesopi:
1427 3722 1482 3773 τοῖς

186 3799 290 3870 χρόνοις
307 3797 356 3868 πρὸ
374 3795 536 3868 Πυθαγόρου.

270 3883 294 3952 ³)
321 3884 387 3938 Aliis
413 3883 480 3937 locis
507 3885 580 3952 apud
607 3885 719 3939 Suidam
741 3885 802 3954 ipsa
827 3886 912 3940 verba
938 3887 1106 3955 πρεσβύτερος
1133 3891 1161 3939 et
1186 3889 1310 3955 eruitque
1337 3886 1479 3940 habentur.
1558 3953 1562 3956 ,

185 3969 218 4023 cf.
237 3987 259 4022 s.
277 3986 302 4023 v.
320 3969 479 4024 Stesichori:
503 3977 558 4030 τοῖς
577 3971 605 4024 n
623 3971 726 4042 χρόνοις
742 3963 777 4042 ἧν
796 3972 920 4044 snbrepo:
939 3967 1084 4038 Ἀλκμᾶνος
1102 3971 1147 4023 τοῦ
1165 3971 1278 4040 lupiani.
1303 3989 1323 4024 s.
1343 3988 1367 4024 v.
1386 3971 1479 4025 Prota·

186 4070 279 4122 gorae:
304 4055 348 4107 καί
365 4055 534 4126 πρεσβύτερός
553 4056 606 4109 ἐστι
623 4055 772 4117 Πλάτωνος.
809 4058 841 4111 el.
860 4074 932 4126 quae
948 4057 1075 4126 leguntur
1092 4074 1113 4111 s.
1132 4074 1157 4110 v.
1175 4056 1331 4124 Herodiani,
1348 4055 1479 4121 Pisandri,

186 4138 321 4204 Characis,
340 4138 512 4206 Philemonis,
530 4142 640 4196 Achaei.
673 4143 744 4197 Num
763 4143 828 4211 quid
845 4142 956 4208 intersit,
975 4148 1067 4197 utrum
1084 4143 1113 4196 in
1130 4142 1229 4196 Suidae
1246 4142 1308 4195 vitis
1325 4142 1414 4195 verbis
1430 4141 1479 4207 πρυ

185 4242 252 4284 τινος
279 4241 316 4278 an
340 4225 509 4294 πρεσβύτερος
534 4245 600 4286 τινος
634 4233 709 4282 aetas
735 4215 906 4297 significetur,
930 4228 1109 4282 dubitandum
1137 4232 1184 4280 est.
1224 4227 1293 4282 Nam
1319 4228 1403 4281 verba
1428 4227 1477 4293 πρό

186 4329 260 4378 τινος,
279 4311 344 4378 perd
362 4328 419 4362 τινα
437 4314 464 4363 et
481 4327 552 4378 quae
569 4312 702 4367 eiusmodi
719 4315 803 4369 verba
821 4319 886 4369 sunt
902 4314 941 4368 ita
953 4313 1078 4382 intellegi,
1093 4319 1124 4366 ut
1137 4318 1244 4381 tempus
1258 4313 1293 4365 ab
1307 4328 1380 4365 anno
1395 4312 1480 4365 natali

187 4401 235 4450 aut
251 4413 269 4451 a
286 4401 373 4451 morte
391 4397 542 4465 computari
560 4398 665 4464 debeat,
684 4415 765 4468 saepe
783 4400 895 4454 omnino
909 4416 966 4453 non
979 4405 1101 4468 possunt,
1121 4399 1196 4467 quod
1214 4399 1242 4452 hi
1261 4399 1356 4452 aetatis
1374 4397 1479 4452 termini

187 4487 234 4534 aut
251 4481 345 4536 incerti
363 4487 440 4536 erant
459 4488 506 4536 aut
523 4499 620 4551 parum
638 4484 704 4538 noti.
