3604 5288
877 305 1085 368 „p0..

246 503 256 553 ζ
334 501 395 564 par
422 480 606 561 exemplum
636 478 819 554 ostendere,
847 497 887 542 ex
913 496 979 558 quo
1007 475 1138 540 dehac
1165 474 1383 557 appellatione
1411 476 1489 558 quid
1516 475 1627 540 existi-

252 589 254 596 '
334 584 492 648 mendum
519 585 606 646 esset
633 581 919 646 demonstraretur.
964 578 1072 655 Quam
1100 577 1128 641 si
1155 578 1198 642 ad
1225 578 1366 659 patriam
1393 578 1506 643 referri
1531 578 1627 642 Duris

335 687 468 752 omnino
495 685 608 761 noluit,
638 704 658 748 a
685 683 904 764 grammaticis
926 682 1009 746 falso
1036 682 1234 746 intellectam
1261 700 1343 758 esse,
1371 682 1465 762 quasi
1487 682 1530 746 ad
1553 701 1629 746 eam

335 790 506 871 spectaret,
522 807 620 852 nemo
639 787 698 850 erit
715 786 771 867 qui
789 785 851 850 sihi
867 785 1074 866 persuadeat.
1093 784 1205 864 ltaque
1225 803 1299 848 cum
1315 782 1410 848 Duris
1427 785 1468 848 de
1483 784 1627 866 peregri·

334 891 467 956 natione
491 890 651 972 cogitasse
673 892 824 969 nequeat,
847 887 951 953 Samii
971 887 1191 969 appellatione
1212 905 1280 950 non
1302 887 1395 952 aliter
1416 907 1494 952 usus
1518 891 1568 952 est
1589 907 1629 951 ac

334 994 525 1075 plerumque
540 994 724 1073 usurpatur.
748 991 835 1056 Natu
851 991 946 1072 igitur
952 988 1285 1072 PanyassinSamium
1294 989 1394 1054 fuisse
1405 990 1557 1072 opinatus
1568 994 1628 1054 est.

420 1096 469 1160 Ac
499 1095 540 1158 de
566 1093 725 1159 Herodoti
752 1093 860 1175 patria
888 1093 923 1156 in
945 1093 1062 1158 eadem
1083 1093 1236 1174 opinione
1250 1093 1328 1158 'fuit
1372 1093 1458 1156 Nam
1480 1092 1629 1158 Samium

334 1218 451 1263 vocare
473 1202 572 1279 atque
595 1197 735 1262 eundem
756 1196 1042 1262 Halicamasseurn
1060 1215 1132 1260 esse
1150 1195 1240 1272 scire,
1265 1215 1363 1277 quem
1381 1215 1496 1260 omnes
1510 1199 1630 1260 vocent

335 1301 506 1377 Thuriurn,
541 1319 614 1364 cum
648 1300 789 1381 ineptius
817 1298 898 1364 nihil
934 1318 1006 1364 esse
1040 1298 1158 1380 possit,
1194 1298 1289 1362 Duris
1318 1317 1386 1365 non
1415 1299 1536 1381 potuit,
1565 1299 1627 1363 nisi

335 1425 411 1469 eum
431 1406 616 1486 propterea,
638 1403 727 1484 quod
750 1402 869 1468 diutius
892 1401 984 1466 Sami
1006 1401 1157 1482 degisset,
1185 1401 1287 1466 Samii
1316 1421 1495 1482 cognomen
1517 1421 1627 1467 meru-

334 1509 398 1572 isse
428 1510 540 1588 aperte
571 1506 777 1572 declarasset.
828 1504 926 1582 Quod
955 1504 982 1567 si
1011 1503 1134 1569 factum
1164 1509 1259 1581 esset,
1287 1505 1418 1569 Duridis
1439 1504 1627 1569 Herodotus

335 1610 475 1686 Samius,
493 1629 533 1673 ex
552 1629 617 1689 quo
635 1609 676 1673 de
693 1609 839 1673 eiusdem
854 1606 1054 1688 Panyasside
1065 1605 1177 1671 Samio
1188 1607 1421 1672 documentum
1435 1610 1627 1684 sumeretur,

334 1713 471 1778 idoneus
494 1712 626 1777 omnmo
648 1730 716 1776 non
738 1710 862 1774 luisset.
906 1709 992 1774 Nam
1014 1709 1200 1790 simpliciter
1221 1709 1363 1791 aliquem
1385 1729 1485 1774 causa
1507 1710 1629 1774 omissa

336 1815 482 1880 Samium
514 1814 683 1879 nominare
716 1812 805 1877 aliud
839 1815 888 1878 est
922 1816 1021 1893 atque
1051 1815 1163 1894 aperte
1192 1811 1294 1876 Samii
1323 1813 1575 1894 appellationem
1607 1833 1628 1878 a

335 1917 497 1982 domicilio
528 1916 656 1982 ducere.
708 1915 830 1981 Contra
857 1934 910 1979 res
938 1913 1008 1978 veri
1036 1914 1190 1980 dissimile
1220 1914 1300 1980 nihil
1329 1915 1444 1993 habet,
1476 1916 1504 1980 si
1532 1916 1627 1982 Duris

335 2019 539 2084 Herodotum
565 2022 739 2101 propterea
765 2018 913 2082 Samium
939 2017 1124 2099 appellavit,
1153 2018 1241 2099 quod
1264 2017 1393 2084 Thuriis
1416 2037 1492 2083 eum
1513 2022 1628 2083 natum

336 2143 407 2187 esse
428 2141 496 2188 non
517 2122 615 2204 pdsse
637 2120 742 2186 sciens
760 2120 933 2202 inquisivit,
956 2140 1120 2202 quaenam
1141 2121 1210 2184 eius
1229 2121 1337 2201 patria
1358 2126 1453 2185 esset.
1488 2120 1627 2186 Scivisse

336 2226 422 2290 enim
448 2225 549 2290 Durin
577 2243 645 2288 non
673 2244 693 2288 a
720 2224 827 2305 patria
852 2223 1058 2288 Herodotum
1079 2223 1192 2288 Thurii
1214 2242 1393 2304 cognomen
1415 2225 1545 2289 trahere
1566 2244 1627 2306 pro

336 2332 423 2393 certo
446 2328 636 2392 habendum
658 2331 718 2390 est.

422 2429 586 2507 Quoniam
606 2429 702 2509 igitur
723 2429 819 2493 Duris
840 2447 947 2510 neque
969 2428 1176 2493 Herodotum
1196 2448 1303 2509 neque
1328 2429 1508 2510 Panyassin
1534 2429 1627 2495 Hali·

336 2533 479 2596 carnassi
505 2536 620 2598 natum
653 2532 827 2596 arbitratus
855 2535 914 2608 est,
950 2536 1097 2613 apparet,
1128 2551 1227 2613 quam
1256 2531 1376 2597 dubiae
1405 2532 1489 2596 illius
1519 2535 1628 2597 aetate

335 2635 399 2699 hae
428 2653 479 2699 res
509 2634 636 2714 fuerint,
666 2636 707 2700 de
735 2636 851 2718 quibus
880 2635 1060 2717 posteriore
1078 2637 1197 2700 aetate
1227 2635 1316 2700 nulla
1343 2635 1502 2700 dissensio
1531 2639 1627 2701 esset.

335 2738 383 2801 Ex
410 2757 477 2820 quo
503 2738 718 2820 intellegimus
746 2742 823 2804 ante
849 2739 960 2816 Durin,
989 2738 1017 2802 si
1039 2737 1171 2803 omnino
1194 2737 1385 2820 inquisitum
1407 2742 1466 2815 est,
1489 2739 1628 2803 multum

337 2840 468 2922 quidem
497 2841 531 2904 in
560 2839 768 2923 Panyassidis
796 2841 898 2905 vitam
920 2841 1109 2922 inquisitum
1131 2860 1202 2906 esse
1224 2860 1292 2904 non
1312 2860 1420 2922 posse.
1466 2842 1630 2920 Quoniam

335 2962 412 3008 vero
434 2943 529 3008 Duris
551 2942 634 3008 falso
656 2963 724 3008 non
746 2944 851 3007 solum
874 2944 1030 3021 Samium,
1054 2943 1113 3008 sed
1136 2944 1235 3008 etiam
1256 2943 1375 3008 Dioclis
1398 2945 1500 3009 filium
1520 2946 1628 3026 Pany-

336 3047 424 3110 assin
446 3045 636 3122 nominavit,
660 3065 758 3126 quem
781 3046 877 3111 ceteri
904 3047 1074 3128 Polyarchi
1101 3046 1203 3110 filium
1233 3046 1384 3124 dicerent,
1412 3047 1628 3112 dubitandum

337 3153 395 3226 est,
419 3168 462 3212 an
482 3148 579 3212 Duris
601 3149 733 3213 omnino
757 3149 798 3213 de
819 3149 1026 3230 Panyassidis
1048 3154 1166 3232 poetae
1188 3168 1330 3230 persona
1353 3152 1515 3215 erraverit.
1554 3149 1628 3228 Quo

337 3272 445 3318 errore
477 3251 571 3316 facile
605 3251 686 3316 alter
719 3251 760 3314 de
794 3251 940 3316 eiusdem
973 3255 1080 3316 aetate
1114 3252 1189 3316 oriri
1221 3253 1342 3332 potuit,
1377 3254 1418 3317 de
1448 3273 1513 3334 qua
1542 3271 1629 3317 nunc

337 3356 510 3420 dicendum
536 3359 594 3420 est.

819 3560 873 3639 ΙΙΙ.
915 3561 964 3640 lte
991 3561 1154 3644 aetatestl

422 3697 470 3761 De
491 3697 699 3778 Panyassidis
727 3700 834 3761 aetate
858 3698 946 3780 apud
968 3703 1093 3763 veteres
1117 3699 1246 3763 filerunt
1269 3699 1437 3781 opiniones
1461 3699 1554 3776 duae,
1587 3697 1627 3761 de

337 3801 454 3882 quibus
481 3799 568 3881 apud
591 3799 727 3862 Suidam
749 3819 774 3863 s.
798 3819 827 3864 v.
851 3801 1000 3874 Πανύασις
1022 3801 1104 3866 haec
1125 3803 1287 3866 feruntur:

422 3905 438 3968 ὁ
462 3905 495 3968 δὲ
520 3903 667 3974 Πανύασις
693 3903 796 3985 γέγονε
822 3905 898 3966 κατὰ
924 3907 976 3989 τὴν
1000 3901 1042 3990 οη’
1070 3905 1245 3990 ὀλυμπιάδα·
1269 3907 1345 3970 κατὰ
1368 3905 1401 3969 δέ
1424 3927 1501 3976 τινας
1522 3901 1622 3988 πολλῷ

337 4008 540 4093 πρεσβύτερος·
564 4007 691 4090 καὶγὰρ
714 3993 749 4090 ἦν
772 4007 898 4070 ἐπὶτῶν
921 4007 1083 4091 Περσικῶν.

424 4159 445 4228 ¹)
472 4160 550 4214 Hanc
567 4159 733 4229 quaestionis
747 4165 851 4228 partem
864 4160 960 4214 iisdem
973 4161 1028 4214 lere
1043 4161 1131 4214 verbis
1146 4161 1270 4228 proximo
1285 4177 1359 4216 anno
1372 4161 1442 4215 edidi
1456 4160 1629 4228 inscriptam:

338 4246 376 4300 De
399 4245 570 4313 Panyassidis
594 4249 682 4297 aetate
708 4243 773 4311 quid
797 4245 939 4297 statuerint
961 4250 1074 4309 veteres,
1106 4246 1315 4316 adiunctamque
1336 4247 1530 4315 programmati
1553 4261 1627 4315 gym-

336 4329 406 4384 nasii
423 4329 487 4398 regii
504 4328 704 4394 Hannoverani,
723 4329 797 4396 quod
816 4328 913 4383 dicitur
929 4329 1097 4398 imperatoris
1115 4329 1255 4384 Guilielmi.
1284 4332 1358 4386 1890.
1389 4332 1466 4396 Eam,
1485 4349 1546 4386 cnm
1564 4331 1628 4385 huic

337 4415 517 4470 dissertationi
543 4415 671 4469 insertam
698 4415 785 4468 ordini
812 4414 1035 4482 philosophorum
1062 4416 1217 4470 tradiderim
1241 4422 1304 4470 ante
1328 4433 1411 4485 quarn
1434 4418 1462 4469 in
1488 4416 1629 4485 publicum

337 4502 468 4566 ederetur,
493 4501 573 4554 venia
591 4500 655 4554 data
672 4500 804 4554 hocloco
825 4500 911 4554 refero
930 4516 963 4554 ne
981 4501 1018 4554 rei
1036 4501 1178 4569 explicatio
1196 4503 1414 4571 interrumpatur.
