3604 5288
808 293 1018 356 --68-

270 467 383 534 Exstat
414 467 500 530 enim
525 465 747 529 testimonium
770 463 970 546 grammatici
998 463 1109 544 ignoti,
1139 461 1194 543 qui
1222 461 1360 546 eundern
1382 458 1561 541 Panyassin

270 569 434 650 epicorum
470 568 668 650 optimorum
697 567 842 631 Homero
875 565 1059 647 proximum
1092 564 1183 641 dicit,
1217 582 1314 644 quem
1344 562 1561 641 Quintilianus

269 670 465 736 Antimacho
493 674 525 735 et
546 670 692 735 Hesiodo
718 670 838 734 iudicat
864 669 1059 733 inferiorern.
1110 668 1307 748 Quanquam
1334 666 1405 747 ipse
1432 665 1560 743 Quinti-

269 774 374 838 lianus
411 774 608 838 Antimacho
655 774 812 838 secundas
857 792 928 836 esse
971 790 1131 850 consensu
1169 770 1236 834 fere
1276 767 1562 850 grammaticorum

271 876 396 941 delatas
413 876 523 940 dicens
538 877 638 941 fuisse
654 875 822 958 significat,
844 875 900 956 qui
913 873 1109 938 Antimacho
1132 873 1291 938 secundas
1305 891 1373 936 non
1389 871 1560 936 deferrent.

270 979 441 1061 Dionysius
457 979 551 1060 igitur
562 978 769 1060 Panyassidis
783 978 917 1043 virtutes
930 977 1064 1041 omnino
1079 977 1178 1057 pluris
1193 975 1383 1040 aestimasse
1398 975 1562 1056 putandus

271 1086 321 1146 cst
343 1101 443 1164 quam
463 1081 649 1146 Antimachi
672 1086 704 1146 et
726 1080 875 1158 Hesiodi,
904 1080 1020 1161 quibus
1051 1099 1125 1143 cum
1146 1079 1237 1143 illum
1257 1081 1437 1160 postponat
1460 1077 1562 1156 Quin-

270 1185 416 1262 tilianus,
446 1183 509 1249 hoc
538 1184 670 1265 quidem
692 1183 846 1248 iudicium
869 1203 886 1248 e
908 1183 1062 1264 Dionysio
1094 1185 1179 1246 certe
1206 1201 1272 1246 non
1294 1181 1451 1246 haustum
1473 1185 1531 1244 est.
1540 1179 1562 1265 ¹)

272 1287 398 1366 Quodsi
410 1286 625 1365 Quintilianus
637 1287 679 1351 de
692 1287 809 1350 horum
824 1290 998 1368 poetarum
1013 1285 1240 1350 aestimatione
1257 1284 1357 1350 alium
1373 1283 1563 1366 scriptorem

272 1410 311 1454 ac
332 1390 521 1470 Dionysium
543 1393 672 1454 secutus
696 1393 755 1466 est,
777 1410 819 1454 ne
842 1409 881 1453 ea
903 1389 1035 1470 quidem
1058 1409 1076 1452 e
1097 1388 1251 1469 Dionysio
1273 1387 1424 1466 videntur
1445 1387 1564 1451 hausta

273 1513 360 1572 esse,
389 1513 473 1574 quae
505 1493 546 1556 de
576 1492 694 1557 horum
723 1496 896 1573 poetamm
925 1491 1177 1574 proprietatibus
1199 1490 1415 1568 Quintilianus
1444 1489 1565 1570 pariter

273 1600 371 1677 atque
393 1595 446 1660 ille
472 1595 579 1660 tradit.
621 1592 724 1659 lmmo
744 1595 896 1676 quoniam
917 1596 958 1659 de
979 1595 1029 1660 his
1047 1593 1263 1672 Quintilianus
1279 1592 1425 1658 nonnihil
1442 1592 1565 1673 profert

274 1700 362 1780 quod
384 1699 471 1780 apud
492 1699 582 1764 illum
605 1698 710 1776 deest,
740 1698 848 1784 potius
878 1698 920 1761 ad
946 1698 1070 1762 fontem
1100 1717 1306 1762 communem
1328 1695 1465 1760 redeunt
1486 1695 1564 1758 Dio-

275 1801 366 1884 nysio
389 1801 600 1883 superiorem.

359 1905 406 1968 De
429 1905 507 1986 ipsis
530 1904 625 1984 igitur
642 1895 849 1984 Panyassidis
871 1906 989 1984 poetae
1006 1902 1177 1967 virtutibus
1195 1903 1319 1966 nullum
1338 1903 1426 1983 apud
1442 1906 1566 1966 veteres

274 2007 511 2072 dissensionem
533 2006 836 2084 animadvertimus
859 2005 918 2070 sed
940 2006 1108 2070 dumtaxat
1131 2005 1172 2070 de
1196 2024 1308 2070 carum
1330 2005 1565 2070 aestimatione.

274 2111 322 2180 Dc
355 2109 416 2174 hac
447 2113 556 2174 autern
587 2108 744 2174 dissensio
775 2109 834 2173 fuit
867 2129 967 2190 quam
997 2109 1140 2174 maxima
1171 2129 1243 2173 esse
1272 2111 1411 2189 poterat.
1464 2107 1566 2185 Quin-

275 2233 338 2294 que
368 2214 455 2276 enirn
485 2212 566 2297 epici
595 2212 654 2290 illi,
689 2232 771 2293 quos
802 2212 1100 2292 praestantissimos
1128 2210 1339 2276 Alexandrini
1369 2209 1566 2291 delegerunt,

274 2319 344 2382 tam
377 2315 467 2380 vario
508 2316 622 2379 ordine
657 2316 745 2396 apud
778 2315 1006 2396 grammaticos
1041 2319 1285 2391 enumerantur,
1326 2318 1362 2378 ut
1395 2312 1568 2394 Panyassis

275 2420 309 2483 in
333 2419 414 2483 serie
437 2437 504 2482 non
535 2417 641 2481 solum
671 2416 717 2480 alt
704 2421 810 2480 terum
841 2420 873 2480 et
902 2420 1053 2497 quartum
1083 2417 1192 2482 locum
1224 2421 1348 2494 teneat,
1320 2417 1503 2481 ttsed
1470 2415 1568 2480 etiam

279 2521 408 2584 tertium
436 2523 468 2583 et
496 2523 571 2600 post
572 2538 707 2582 remum.
717 2516 743 2601 2)
794 2519 895 2583 Const
882 2523 955 2582 tans
984 2523 1016 2582 et
1039 2521 1132 2600 quasi
1155 2523 1379 2587 sacrosanctus
1401 2518 1497 2583 unius
1520 2521 1569 2581 est

276 2623 412 2686 Homeri
433 2622 532 2686 lodus.

363 2726 433 2790 Hac
456 2724 658 2790 dissensione
678 2745 791 2789 eorum
811 2725 852 2789 de
868 2725 1070 2802 auctoritate,
1093 2726 1198 2807 quiin
1213 2745 1387 2791 numerum
1404 2725 1569 2806 epicorum

278 2830 475 2910 optimorum
507 2829 628 2909 recepti
660 2833 767 2905 erant,
801 2829 939 2893 multum
968 2829 1152 2896 detractum
1183 2848 1254 2893 esse
1283 2849 1380 2893 nemo
1414 2831 1463 2892 est
1493 2827 1570 2908 quin

277 2934 451 3014 intellegat.
496 2933 580 2997 Act
566 2936 659 2997 ttana
680 2937 716 2996 ut
703 2933 871 2996 tamult
849 2936 890 2996 trs
913 2933 1056 3012 legerent
1056 2952 1104 3008 ur,
1128 2951 1241 2996 eorum
1264 2932 1438 2999 auctoritas
1458 2934 1569 3011 poste·

241 3031 244 3036 ’
277 3036 362 3099 riore
391 3035 620 3116 quidema
546 3038 634 3099 aetat
621 3035 775 3098 tefuisse
798 3035 930 3100 omnino
960 3054 1027 3098 non
1056 3037 1114 3115 pot
1116 3038 1174 3104 est.
1151 3034 1309 3098 tNam
1335 3034 1480 3100 carmina
1504 3053 1570 3097 non

279 3137 386 3203 solum
407 3137 623 3219 Panyassidis
655 3136 775 3200 sedt
744 3137 842 3201 etiarn
871 3138 937 3201 Ant
939 3136 1056 3201 imachi
1084 3142 1116 3202 et
1103 3139 1290 3203 Ptisandri
1311 3138 1485 3220 perierunt,
1517 3136 1572 3218 qui

280 3241 315 3304 in
336 3239 391 3302 illo
414 3259 550 3303 numero
574 3259 687 3304 omnes
709 3239 943 3303 referebantur.
982 3239 1079 3317 Quod
1097 3241 1193 3322 igitur
1210 3242 1418 3324 Panyassidis
1442 3260 1573 3306 carmen

280 3342 359 3406 illud
381 3342 464 3406 tanti
487 3342 694 3406 aestimatum
716 3343 820 3423 perire
843 3343 958 3424 potuit,
981 3342 1026 3408 ita
1049 3344 1167 3408 mirum
1188 3349 1338 3410 nonest.

367 3444 493 3522 Quibus
521 3448 630 3508 autern
657 3445 698 3509 de
726 3445 830 3509 causis
855 3445 997 3525 perierit,
1027 3447 1256 3526 quaerentibus
1278 3446 1373 3511 nobis
1397 3466 1514 3510 causae
1538 3467 1572 3510 se

279 3548 437 3630 praebent
471 3546 663 3628 complures,
718 3549 863 3612 Primum
896 3550 983 3612 enim
1015 3549 1202 3630 Panyassis‚
1241 3551 1396 3631 quoniam
1429 3549 1574 3614 similiter

281 3656 378 3732 atque
394 3650 461 3714 Ant
462 3650 633 3714 imachus
625 3651 744 3714 rnusita
744 3652 940 3716 tosermoni
959 3652 1122 3729 studebat,
1144 3671 1211 3717 non
1229 3653 1367 3717 idoneus
1383 3653 1452 3729 fuit,
1429 3656 1573 3733 tquem

282 3755 426 3836 legerent
412 3752 556 3817 ttimul
608 3753 716 3831 Quare
738 3758 775 3818 ut
796 3754 1071 3835 Panyassidis&
1046 3755 1298 3820 itaAntimachi
1322 3755 1466 3820 cannina
1486 3755 1573 3837 peri·

282 3859 385 3934 erunt,
416 3856 506 3920 cuius
532 3875 574 3919 ne
603 3875 724 3920 nomen
752 3856 883 3937 quidem
906 3857 987 3920 mult
974 3861 1026 3920 tos
1049 3859 1190 3934 scivisse,
1219 3862 1395 3939 antequam
1417 3857 1575 3922 Hadriani

369 4061 389 4128 ¹)
417 4061 587 4116 Contrariam
605 4062 761 4130 opinionem
778 4062 948 4130 protulerunt
965 4063 1123 4117 Taschirner
1139 4079 1166 4130 p.
1185 4063 1230 4128 16,
1255 4064 1302 4131 qui
1325 4068 1418 4118 tamen
1443 4063 1496 4116 alia
1513 4063 1575 4116 Dio·

281 4147 350 4216 nysii
368 4147 451 4200 verba
470 4147 637 4214 Quintiliano
655 4147 796 4216 proposita
819 4148 902 4202 fuisse
927 4148 1084 4213 arbitratur,
1109 4153 1136 4202 et
1154 4148 1183 4202 G.
1203 4149 1317 4213 Steffen,
1343 4151 1376 4202 de
1400 4165 1505 4202 canone
1529 4148 1576 4217 qui

282 4233 379 4286 dicitur
395 4232 585 4301 Aristophanis
603 4239 629 4288 et
646 4234 804 4298 Aristarchi,
824 4232 893 4286 Diss.
912 4233 984 4302 Lips.
1003 4234 1082 4300 1876,
1101 4251 1127 4302 p.
1146 4234 1187 4286 18.
1206 4235 1248 4286 19.
1283 4235 1368 4289 Valde
1386 4235 1478 4298 doleo,
1501 4235 1576 4303 quod

282 4319 433 4373 Usenerum
451 4319 484 4372 de
502 4320 544 4372 his
562 4320 642 4373 rebus
661 4319 817 4373 disseruisse
840 4319 972 4387 (Dionysii
989 4319 1048 4372 Hal.
1066 4320 1197 4373 librorum
1221 4321 1255 4373 de
1272 4321 1421 4374 imitatione
1439 4321 1575 4390 reliquiae,

283 4404 397 4458 Bonnae
413 4405 489 4468 1889)
509 4405 593 4459 serius
611 4405 727 4474 cognovi
745 4422 828 4473 quam
846 4412 877 4460 ut
894 4406 975 4459 huius
990 4406 1157 4473 quaestionis
1171 4406 1303 4460 rationem
1318 4407 1419 4460 babere
1433 4406 1574 4475 potuerim.

372 4489 394 4557 ²)
421 4490 460 4545 De
478 4492 530 4546 hac
548 4508 576 4544 re
594 4491 783 4545 Tzschirnerus
802 4491 894 4546 omnia
913 4491 1017 4559 collegit
1034 4508 1060 4559 p.
1080 4491 1122 4544 13.
1140 4491 1182 4544 ul.
