3604 5288
704 312 915 376 „47„

158 485 223 550 nisi
245 468 410 549 aetatibus
433 505 468 548 re
490 505 568 550 vera
590 484 730 548 multum
752 483 836 548 inter
857 503 893 548 se
915 483 1111 548 distantibus
1133 486 1259 547 veteres
1277 484 1455 566 Panyassin

158 588 388 665 attribuerunt,
412 587 553 669 intellegi
576 587 710 652 omnino
732 605 800 650 non
821 591 940 668 potest.

246 690 410 755 Invenitur
438 690 528 753 locus
557 690 592 754 in
620 689 736 753 Avieni
757 688 896 765 Arateis
927 707 992 770 quo
1022 690 1165 755 carmine
1186 690 1280 754 Arati
1301 690 1453 755 Phaeno-

156 814 258 860 mena
289 794 387 858 rebus
417 794 459 858 ab
492 793 617 857 Avieno
648 792 768 857 additis
800 791 999 873 amplificata
1027 792 1141 857 Latine
1170 793 1358 858 redduntur.
1415 795 1454 858 Et

156 898 203 962 ab
225 882 297 978 ipso
319 895 445 961 Avieno
467 895 558 960 locus
581 895 711 960 additus
734 898 794 971 est,
818 914 917 975 quern
939 895 1107 960 tractaturi
1126 915 1248 960 sumus.
1283 895 1335 960 Ab
1352 896 1454 961 Arato

157 1000 248 1064 euim
270 998 490 1080 compluribus
512 998 659 1062 versibus
682 997 726 1062 ad
747 996 927 1078 Panyassin
955 997 1121 1062 declinans
1149 998 1224 1062 huic
1246 1001 1356 1062 aetate
1379 999 1456 1063 dicit

155 1103 306 1183 longiore
335 1101 369 1165 id
397 1101 570 1182 contigisse
600 1105 636 1164 ut
666 1120 776 1164 rerum
806 1100 939 1164 exordia
968 1119 1089 1164 arcana
1119 1105 1254 1166 erueret.
1307 1101 1454 1166 Herculis

158 1205 248 1270 enirn
279 1204 454 1268 draconem
483 1203 703 1268 interficientis
737 1203 822 1266 inter
853 1203 964 1267 stellas
996 1204 1172 1285 imaginem
1199 1204 1288 1286 apud
1316 1205 1456 1270 Aratum

157 1307 293 1372 nomine
304 1325 424 1383 carere,
448 1306 503 1387 qui
521 1306 621 1370 ullum
643 1325 715 1370 esse
731 1305 800 1387 ipse
816 1310 959 1386 negaret.
993 1306 1107 1388 Neque
1124 1309 1166 1372 ab
1186 1308 1304 1372 eodem
1320 1308 1454 1385 narrari,

159 1410 439 1492 quamobcausam
461 1408 617 1473 Hercules
645 1409 822 1473 draconem
850 1408 1074 1474 interfecisset.
1121 1410 1194 1489 Qua
1222 1411 1263 1475 de
1291 1430 1326 1475 re
1348 1410 1454 1492 Pany-

159 1515 250 1578 assin
272 1532 344 1578 esse
366 1517 543 1578 auctorem.

248 1617 367 1680 Versus
390 1616 424 1679 hi
447 1619 537 1680 sunt:

291 1739 320 1782 v.
346 1719 526 1782 171-176.
571 1719 686 1782 Avieni
709 1720 840 1796 Aratea,
864 1719 914 1783 ed.
938 1719 1080 1801 Breysig.

357 1837 415 1902 1113
437 1838 600 1903 laboranti
623 1839 736 1903 similis
759 1840 911 1904 succedet
933 1840 1041 1922 imago

355 1941 503 2035 protinus
527 1945 702 2023 expertem,
727 1962 826 2023 quam
849 1943 1016 2024 quondam
1039 1943 1118 2007 dixit
1141 1944 1261 2007 Aratus

356 2045 497 2109 nominis
521 2048 553 2108 et
575 2045 665 2110 cuius
688 2047 782 2110 latuit
804 2064 933 2126 quoque
957 2065 1055 2110 causa
1076 2046 1207 2120 laboris

354 2147 496 2212 Panuasi
519 2149 579 2213 sed
599 2153 679 2213 nota
701 2153 823 2226 tamen,
846 2149 897 2213 cui
918 2149 1045 2229 longior
1067 2152 1158 2213 aetas

356 2251 438 2315 eruit
461 2251 603 2316 excussis
626 2271 746 2316 arcana
768 2253 902 2316 exordia
925 2252 1032 2316 rebus.

315 2371 430 2435 Avieni
461 2390 533 2436 esse
562 2370 645 2435 haec
673 2371 714 2436 de
736 2370 936 2454 Panyasside
962 2373 1077 2450 verba,
1109 2391 1175 2436 uon
1197 2371 1290 2436 Arati
1316 2372 1355 2436 iis
1378 2372 1456 2454 ipsis

161 2479 313 2558 apertum
336 2477 394 2538 est.
437 2474 481 2537 At
502 2474 589 2538 unde
611 2477 771 2538 terrarum
789 2475 933 2539 Avienus
952 2475 1118 2557 comperit,
1138 2475 1293 2556 quamdiu
1311 2475 1455 2561 vixerit¹)

160 2578 358 2660 Panyassisi
388 2577 436 2640 De
455 2578 518 2641 hac
541 2577 626 2641 enim
645 2597 680 2640 re
702 2576 782 2641 nihil
803 2578 966 2642 veteribus
988 2579 1144 2643 traditum
1167 2578 1266 2670 fuisse
1288 2583 1456 2660 procerte

161 2683 284 2746 habere
302 2681 385 2745 licet.
424 2680 537 2761 Neque
560 2700 637 2743 vero
661 2681 832 2757 habemus,
856 2700 895 2744 ex
920 2700 985 2762 quo
1009 2685 1167 2764 appareat
1188 2682 1272 2745 inter
1291 2701 1456 2763 gramma-

161 2785 244 2849 ticos
273 2787 398 2848 veteres
429 2802 576 2864 unquam
605 2782 704 2847 fuisse
733 2783 788 2864 qui
817 2783 1025 2865 Panyassidis
1055 2787 1198 2848 aetatem
1225 2785 1358 2866 longam
1386 2805 1457 2850 esse

162 2886 374 2951 declararent.
408 2886 533 2949 Erravit
560 2885 655 2966 igitur
677 2887 747 2950 sine
770 2887 869 2950 dubio
888 2886 1030 2951 Avienus
1047 2892 1168 2965 noster,
1194 2887 1249 2968 qui
1271 2888 1351 2969 ipse,
1375 2907 1457 2969 quo-

162 2990 263 3054 modo
285 3007 376 3053 error
401 2992 491 3053 ortus
519 2989 570 3064 sit,
592 2989 709 3053 nolens
730 2989 851 3053 indicat
872 2991 997 3055 verbis:
1028 2991 1086 3055 Cui
1108 2991 1233 3072 longior
1260 2994 1352 3055 aetas
1376 2991 1458 3054 eruit

165 3092 307 3156 excussis
329 3112 450 3156 arcana
473 3093 606 3158 exordia
628 3093 736 3157 rebus
770 3093 861 3158 Haec
891 3094 977 3157 enim
1006 3096 1121 3173 verba,
1154 3093 1302 3175 quamvis
1333 3093 1366 3157 in
1395 3093 1458 3157 loci

163 3195 360 3260 sententiam
382 3196 584 3273 conveniant,
606 3200 718 3261 tamen
740 3197 774 3261 in
788 3197 968 3279 Panyassin
990 3216 1057 3261 non
1076 3197 1281 3274 conveniunt,
1303 3200 1340 3261 ut
1357 3197 1457 3261 subli-

163 3299 277 3362 mitate
305 3299 448 3380 quadam
479 3319 518 3364 ac
547 3299 714 3364 doctrinae
742 3301 849 3382 specie
875 3300 990 3363 Avieni
1012 3300 1228 3380 ignorantiam
1251 3304 1328 3364 sunt
1350 3300 1457 3363 occul-

162 3404 281 3464 tatura.
315 3400 401 3464 Nam
415 3401 595 3483 Panyassin
617 3423 725 3467 rerum
749 3403 882 3466 exordia
904 3421 1024 3466 arcana
1046 3402 1167 3465 eruisse
1186 3401 1292 3466 dicere
1310 3402 1457 3483 ineptum

164 3507 214 3567 est
241 3523 303 3567 nec
331 3503 394 3567 dici
424 3523 445 3567 a
476 3523 643 3586 quoquam
673 3507 779 3587 potuit
808 3506 870 3569 nisi
901 3504 956 3585 qui
984 3503 1191 3585 Panyassidis
1218 3504 1363 3568 carmina
1391 3523 1458 3567 non

165 3606 252 3688 legit.
297 3606 405 3687 Atque
427 3607 515 3670 unde
538 3627 577 3671 ea
598 3608 742 3672 Avienus
764 3607 948 3688 sumpserit,
972 3625 1057 3687 quae
1079 3606 1121 3670 de
1144 3606 1286 3671 dracone
1308 3607 1351 3670 ab
1373 3606 1457 3671 Her-

165 3709 236 3772 cule
258 3708 425 3773 interfecto
442 3709 621 3791 Panyassin
641 3729 780 3791 sequens
801 3713 922 3786 narrat,
947 3729 986 3773 ex
1009 3730 1047 3774 eo
1067 3710 1274 3791 perspicuum
1293 3713 1352 3787 est,
1370 3710 1458 3791 quod

254 3928 274 3998 ¹)
301 3930 396 3983 Verbis
412 3930 520 3999 longior
537 3935 619 3996 aetas,
638 3936 729 3985 utrum
748 3936 822 3985 aetas
840 3931 1014 3999 longinquior
1028 3932 1070 3985 vel
1085 3931 1214 3985 remotior
1227 3931 1280 3984 hoc
1294 3931 1355 3984 loco
1371 3931 1457 3984 decla·

165 4020 238 4068 retur
256 4031 292 4068 au
309 4014 366 4068 vita
383 4016 542 4082 diuturnior,
562 4017 730 4084 aliquamdiu
748 4017 847 4070 dubius
864 4016 910 4069 fui.
947 4017 1000 4069 Sed
1017 4017 1063 4070 illa
1079 4016 1265 4079 interpretatio
1287 4016 1362 4070 haud
1380 4016 1459 4070 dubie

165 4099 300 4154 reicienda
317 4106 365 4154 est.
392 4101 499 4155 Etenim
517 4102 552 4155 ab
570 4102 665 4155 Avieni
684 4107 772 4157 aetate
786 4119 848 4156 cum
862 4119 920 4156 non
932 4103 1021 4155 solum
1035 4102 1187 4171 Panyassis,
1205 4102 1253 4155 sed
1266 4101 1347 4155 etiam
1360 4103 1460 4157 Aratus

164 4186 320 4254 longissime
337 4186 418 4240 distet
435 4204 469 4242 ac
487 4187 631 4256 Panyassis
654 4188 688 4240 ab
712 4188 827 4241 heroum
850 4192 938 4241 aetate
959 4187 1067 4255 longius
1089 4186 1198 4255 quidem
1220 4187 1299 4240 distet
1323 4204 1407 4256 quam
1429 4194 1459 4242 ut

165 4277 276 4339 propter
297 4272 393 4326 aetatis
417 4273 647 4340 propinquitatem
665 4273 787 4327 facinora
808 4273 930 4327 Herculis
952 4289 1048 4341 parum
1073 4277 1139 4325 nota
1162 4271 1263 4325 eruisse
1287 4273 1339 4326 dici
1364 4274 1458 4340 possit,

166 4357 251 4409 altera
268 4357 413 4410 verborum
430 4357 614 4425 interpretatio
629 4363 706 4412 tanto
720 4364 847 4427 praestat,
866 4364 897 4412 ut
910 4357 1052 4413 dubitandi
1065 4357 1139 4410 nulla
1156 4357 1191 4411 sit
1205 4373 1288 4410 causa
1303 4358 1458 4425 probabilis.

165 4441 305 4495 Vocabulo
323 4442 419 4496 aetatis
435 4443 507 4496 idem
525 4443 653 4497 declarari
671 4460 752 4511 posse
770 4460 802 4497 ac
820 4444 891 4498 11133
908 4444 1025 4512 spatium
1044 4443 1167 4511 exempla
1179 4443 1330 4496 Horatiana
1347 4445 1458 4497 docent:

167 4524 224 4579 Sat.
242 4526 262 4579 I.
281 4527 306 4581 4.
325 4527 375 4580 131
393 4527 488 4597 (longa
506 4527 602 4596 aetas).
637 4530 693 4583 Sat.
712 4527 745 4582 ll.
762 4530 787 4581 l.
804 4530 847 4582 45.
