3604 5288
732 261 945 324 ..57-

185 433 317 515 quidem
339 435 435 497 natus
456 432 585 496 videtur
605 449 683 496 esse.
717 431 940 496 Habuerintne
958 452 1035 496 vero
1052 433 1185 497 omnino
1202 436 1339 511 veteres,
1363 454 1402 498 ex
1419 455 1484 516 quo

184 535 345 600 Herodoti
367 539 497 616 tempus
518 533 627 598 natale
649 533 828 598 accuratius
850 533 1082 617 intellegerent,
1105 535 1322 601 dubitandum
1344 540 1402 602 est.
1463 575 1467 584 ·

274 639 365 718 Quae
394 657 468 702 cum
494 637 540 702 ita
566 636 640 714 sint,
669 635 747 702 nihil
771 639 830 714 est,
853 638 942 718 quod
963 637 1139 721 Panyassin
1162 643 1195 704 et
1215 639 1421 705 Herodotum
1445 661 1483 706 eo

184 741 433 824 propinquitatis
460 760 588 823 genere,
618 741 707 822 quod
742 742 905 829 ἐξάδελφος
936 741 1037 807 verbo
1065 742 1259 819 declaratur,
1295 737 1484 809 coniunctos

184 846 284 910 fuisse
323 863 488 926 negemus.
552 845 655 908 Immo
697 843 849 925 quoniam
896 845 1083 910 Herodotus
1126 845 1267 910 eundem
1307 845 1484 928 Lygdamin

183 951 359 1032 tyrannum
376 948 507 1028 expulit,
531 967 550 1011 a
569 967 634 1029 quo
657 946 833 1029 Panyassin
853 950 1005 1012 necatum
1021 947 1147 1026 scimuS,
1170 948 1224 1012 illa
1239 948 1387 1030 cognatio
1405 969 1482 1030 pro-

185 1051 384 1118 babilissima
407 1055 465 1128 est,
489 1049 548 1115 etsi
566 1050 763 1127 Herodotus,
786 1069 883 1131 quem
906 1049 1027 1132 aliquot
1050 1050 1142 1114 annis
1163 1054 1238 1132 post
1260 1050 1385 1116 initium
1407 1053 1484 1117 belli

184 1153 451 1236 Peloponnesiaci
484 1157 648 1218 mortuum
683 1173 752 1218 esse
786 1157 922 1231 constat,
964 1152 1087 1218 circiter
1118 1154 1248 1235 triginta
1281 1155 1373 1220 annis
1407 1160 1483 1236 post

184 1258 361 1340 Panyassin
394 1261 533 1322 mortem
568 1257 656 1321 obiit.
702 1256 776 1334 Qua
803 1276 914 1334 exre,
944 1256 971 1321 si
1001 1256 1236 1338 argumentatio
1265 1261 1376 1336 nostra
1404 1279 1481 1340 pro-

185 1361 296 1426 banda
318 1363 376 1438 est,
399 1359 478 1424 nihil
500 1359 588 1424 aliud
618 1360 659 1423 de
680 1359 884 1442 Panyassidis
911 1363 1019 1424 aetate
1050 1359 1154 1441 colligi
1184 1361 1282 1426 debet
1309 1361 1378 1440 nisi,
1409 1380 1483 1426 cum

184 1463 428 1541 interficeretur,
452 1449 527 1528 eum
548 1462 695 1526 nondum
721 1482 834 1527 senem
861 1462 968 1541 fuisse,
996 1463 1055 1528 sed
1076 1466 1183 1528 aetate
1206 1462 1303 1529 etiam
1326 1463 1481 1530 floruisse.

271 1568 320 1631 De
342 1566 457 1632 ceteris
476 1566 583 1642 rebus
608 1585 692 1647 quae
709 1566 752 1630 ad
768 1565 975 1648 Panyassidis
997 1565 1098 1630 vitam
1118 1566 1291 1647 pertinent,
1314 1567 1392 1632 nihil
1411 1587 1482 1632 am·

185 1670 269 1753 plius
288 1670 417 1747 scimun,
432 1668 492 1733 nisi
508 1667 696 1751 Lygdamidi
712 1671 849 1751 tyranno
866 1687 941 1733 eum
957 1668 1111 1733 infestum
1129 1689 1168 1733 ac
1184 1668 1363 1735 timendum
1385 1670 1483 1736 fuisse

186 1778 220 1838 et
249 1774 291 1838 ab
320 1792 433 1837 eorum
463 1776 555 1854 parte
584 1771 726 1848 stetisse,
764 1771 819 1853 qui
848 1772 1016 1837 Herodoto
1047 1772 1129 1837 duce
1161 1772 1251 1838 illum
1282 1774 1482 1855 expulerunt,

184 1877 220 1941 id
237 1876 325 1958 quod
341 1874 477 1940 dubium
492 1879 629 1952 nonest,
647 1895 722 1939 cum
738 1894 758 1939 a
771 1875 967 1956 Lygdamide
983 1880 1117 1940 necatus
1134 1876 1183 1940 sit.
1217 1876 1262 1940 At
1273 1876 1395 1940 incerta
1408 1881 1483 1941 sunt

185 1978 452 2069 reliquaoaomnia,
474 1998 558 2060 quae
581 1979 622 2042 de
646 1978 713 2042 eius
735 1978 801 2042 vita
824 1977 903 2042 scire
925 1978 1069 2042 velimus,
1110 1980 1271 2044 Incertum
1298 1999 1379 2056 esse,
1403 1999 1482 2044 num

186 2083 277 2149 Sarni
302 2083 458 2165 profugus
486 2081 619 2164 degerit,
647 2081 714 2146 iam
741 2080 1009 2162 supradiximus.
1054 2081 1122 2146 Nec
1144 2081 1246 2162 magis
1269 2081 1379 2163 liquet,
1402 2101 1482 2146 num

186 2205 271 2268 quae
297 2185 379 2251 ratio
409 2185 588 2250 intercedat
614 2184 697 2249 inter
722 2182 930 2266 Panyassidis
957 2203 1071 2248 necem
1094 2187 1126 2248 et
1149 2204 1222 2249 earn
1243 2184 1359 2265 legem,
1382 2203 1482 2265 quam

189 2289 231 2353 de
259 2289 352 2353 novis
381 2287 474 2353 fundi
504 2291 536 2352 et
565 2288 738 2353 domorum
767 2287 886 2352 tabulis
917 2285 1074 2351 faciundis
1105 2285 1275 2369 Lygdamis
1308 2305 1375 2351 una
1409 2307 1482 2351 cum

188 2391 310 2456 civibus
330 2391 537 2456 constitutam
560 2391 766 2456 iureiurando
789 2388 903 2456 sanxit.
938 2388 1030 2467 Quae
1052 2393 1161 2454 utrum
1182 2393 1259 2454 ante
1275 2389 1481 2472 Panyassidis

186 2514 301 2560 necem
324 2495 402 2560 data
424 2495 465 2559 sit
487 2515 530 2559 an
552 2497 637 2578 post,
660 2493 738 2570 item
761 2493 893 2558 dubium
919 2497 977 2558 est.

522 2837 557 2917 v.
596 2836 645 2917 llo
674 2837 894 2938 Panyasstdo
922 2837 1142 2936 philosopho.

271 2995 365 3059 Nunc
393 3013 432 3058 eo
461 2991 660 3074 quaestionis
688 2991 903 3073 pervenimus,
931 2993 967 3055 ut
990 2991 1067 3072 quid
1090 2990 1130 3055 de
1153 2989 1351 3072 Panyasside
1373 2990 1479 3070 philo-

185 3098 290 3179 sopho
302 3097 326 3181 ¹)
350 3095 599 3161 existimandum
622 3095 671 3172 sit,
696 3094 876 3176 disceptare
899 3093 1070 3176 possimus.

270 3201 412 3278 Librum,
442 3218 540 3280 quern
571 3199 613 3263 de
644 3197 778 3263 somniis
807 3197 859 3262 ille
889 3196 1054 3278 scripsisse
1084 3196 1212 3274 dicitur,
1245 3217 1358 3262 revera
1381 3196 1479 3261 fuisse

184 3303 409 3369 Artemidorus
428 3301 520 3367 testis
541 3304 590 3366 est
613 3321 652 3366 eo
676 3322 711 3367 se
734 3321 831 3367 usum
853 3322 925 3367 esse
947 3297 1086 3385 trihus2)
1109 3300 1188 3364 locis
1211 3299 1330 3365 dicens
1364 3300 1478 3364 Partes

183 3407 256 3472 libri
284 3406 382 3471 fuisse
411 3405 560 3469 dicuntur
589 3405 682 3470 duae.
727 3405 903 3486 Inscriptus
926 3407 1004 3481 erat,
1028 3403 1055 3468 si
1078 3402 1198 3468 Suidae
1220 3402 1302 3467 fides
1323 3402 1479 3466 habenda

184 3513 243 3589 est,
265 3513 330 3594 περὶ
352 3511 481 3594 ὀνείρων.
526 3509 642 3573 Utrum
664 3528 763 3590 prosa
786 3528 828 3573 an
856 3507 1003 3573 versibus
1031 3506 1168 3588 scriptus
1191 3504 1295 3583 fuerit,
1318 3505 1477 3570 incertum

184 3617 242 3691 est,
266 3633 340 3678 cum
362 3611 480 3676 librum
502 3630 619 3692 pamm
641 3610 805 3692 cognitum
828 3610 1018 3675 habeamus.

188 3737 444 3746 ——-—-.—.

271 3785 291 3852 l)
318 3785 391 3839 Suid.
405 3802 426 3838 s.
441 3799 465 3836 v.
477 3781 610 3846 Πανύασις,
623 3777 849 3852 Ἀλικαρνασσειίς,
862 3783 993 3851 νεώτερος,
1002 3781 1149 3851 φιλόσοφος,
1164 3783 1220 3853 περὶ
1234 3781 1340 3853 ὀνείρων
1351 3781 1459 3852 βιβλίαβ

267 3871 289 3939 ²)
308 3873 408 3927 Artem.
427 3867 570 3924 Onirocrit.
589 3868 609 3921 I.
628 3867 653 3922 θ.
671 3869 712 3922 ed.
731 3867 850 3922 Hercher
867 3885 893 3936 p.
911 3869 939 3922 9:
963 3863 1080 3937 Ἀρίσιιιι
1099 3867 1225 3922 δὲταῦτα
1250 3868 1293 3921 καί
1311 3865 1483 3938 Νικοστράτῳ·

181 3949 218 4021 τῷ
234 3946 347 4024 Ἐφεσίῳ
366 3953 409 4006 καὶ
424 3952 562 4008 Πανυιίσιθι
579 3957 615 4026 τῷ
635 3949 841 4026 Ἄλικσιρνασσιῖ,
859 3955 903 4006 καὶ
916 3955 1123 4024 γνωριμωτάτοις
1142 3954 1245 4024 ἀνδράσι
1263 3954 1307 4007 καὶ
1325 3953 1476 4022 ίλλσγίμαις.

266 4037 287 4090 I.
305 4037 347 4092 64.
373 4038 494 4094 Hercher
511 4057 537 4108 p.
554 4042 596 4094 59.
621 4036 735 4109 Ἀγαθὸν
759 4040 786 4093 at
812 4040 856 4093 ιιαὶ
879 4040 905 4093 tv
923 4047 1018 4110 πηγαῖς
1036 4040 1082 4093 καὶ
1100 4040 1125 4091 ίν
1144 4041 1244 4107 λίμναις
1261 4040 1305 4093 καί
1324 4040 1350 4091 ίν
1369 4040 1475 4110 κρήναις

179 4123 224 4176 καὶ
242 4121 268 4174 ἐν
287 4131 414 4192 ποταμοῖς
431 4126 546 4195 καθαρὸν
565 4127 609 4180 καὶ
627 4127 714 4188 tante
732 4127 834 4198 ἔχουσιν
852 4121 922 4197 ὕδωρ
946 4127 1081 4195 λαύισθαι,
1105 4126 1159 4178 ἀλλ’
1180 4125 1210 4179 od
1235 4125 1368 4198 νήχεσθαι
1402 4121 1476 4178 Ἐπεὶ

179 4209 239 4278 τίγι
256 4209 383 4282 νήχεσθαι
400 4213 460 4264 πᾶσι
478 4211 589 4281 πονηρὸν
608 4213 651 4265 καὶ
669 4213 787 4266 κινδύνου
805 4213 849 4266 καὶ
866 4213 943 4265 νόσου
962 4213 1100 4282 σύμβολον.
1127 4211 1182 4281 Τὴν
1201 4213 1228 4268 ot
1247 4213 1330 4266 αίτίαν
1348 4209 1476 4269 Πανύασις

179 4292 422 4365 θ’θλιιιαρνασσιίις
440 4297 565 4365 ἐπιμελῶς
584 4297 736 4368 ἐξηγήσατο.

264 4381 297 4436 Π.
316 4383 363 4447 35,
386 4383 428 4441 ed.
446 4383 579 4438 Herschcr
596 4401 622 4452 p.
643 4385 700 4439 132.
743 4386 778 4445 ὡς
801 4388 848 4457 γάρ
874 4403 950 4456 φησιν
974 4385 988 4438 ὁ
1013 4381 1154 4448 Πανύασις,
1178 4382 1297 4456 ἄπρακτα
1315 4383 1360 4435 nal
1378 4380 1474 4449 ἀσθενῆ

179 4467 280 4522 ίσισθαι
297 4469 329 4520 τὰ
347 4471 484 4540 πράγματα
502 4470 547 4522 τοῦ
567 4469 664 4529 ἰδόντος
681 4471 854 4541 προαγορεύει.
