3604 5288
733 304 944 367 ..53-

191 473 239 536 Ac
267 471 445 537 Pausanias
473 473 551 536 item
579 473 785 555 Panyassidis
818 479 946 556 patrem
979 474 1195 558 Polyarchum
1227 480 1388 557 nominat,
1417 501 1485 546 non

190 575 344 640 Dioclem.
389 576 437 641 De
459 576 634 641 Theodoro
657 581 768 642 autern
795 578 954 643 Herodoti
980 579 1094 656 tratre,
1125 599 1222 661 quem
1251 582 1368 648 Suidas
1396 585 1484 648 solus

190 679 342 760 idemque
373 698 439 742 uno
473 679 546 744 loco
583 685 832 757 commemorat,
872 681 899 744 is
934 682 1065 763 quidem
1101 687 1214 748 auctor
1251 686 1484 752 existimandus

191 786 253 859 est,
288 782 330 845 ad
363 801 462 864 quem
494 783 646 860 redeunt,
681 802 765 864 quae
799 785 886 865 apud
920 784 1055 850 Suidem
1088 787 1129 850 de
1162 787 1292 869 reliquis
1325 788 1484 854 Herodoti

191 886 336 966 cognatis
357 885 502 967 legimus.
537 883 609 962 Quo
633 886 719 950 enim
741 885 813 950 looo
837 887 955 952 Suidas
978 887 1137 953 Herodoti
1165 890 1298 956 fratrem
1325 891 1483 969 nominat,

191 989 309 1052 eodem
330 992 491 1070 parentes.

275 1091 527 1172 Antiquissimus
575 1091 670 1172 igitur
719 1091 855 1174 scriptor
899 1092 959 1157 fuit
1003 1093 1094 1176 isque
1138 1093 1405 1162 Halicarnasseus
1450 1101 1483 1161 et

189 1193 347 1258 Herodoti
375 1193 534 1276 aequalis,
562 1194 627 1276 qui
644 1194 685 1258 de
715 1195 784 1259 eius
811 1199 907 1276 gente
934 1196 1059 1277 primus
1086 1197 1233 1276 tradidit,
1263 1218 1347 1280 quae
1374 1200 1415 1264 de
1444 1220 1483 1264 ea

189 1297 382 1378 accepimus.
428 1297 526 1375 Quod
548 1297 575 1360 si
597 1300 683 1361 recte
706 1317 741 1361 se
764 1297 879 1375 habet,
902 1298 1010 1362 facere
1031 1318 1098 1364 non
1120 1319 1309 1381 possumuS,
1339 1303 1417 1384 quin
1439 1303 1481 1366 ab

189 1419 229 1464 eo
251 1403 419 1464 narratum
441 1399 645 1476 arbitremur,
668 1401 825 1481 quidquid
846 1401 1010 1466 veteribus
1031 1402 1072 1466 de
1094 1387 1302 1486 Panyassidis
1325 1409 1358 1470 et
1375 1405 1481 1470 Hero-

189 1502 258 1566 doti
287 1503 384 1566 rebus
406 1502 661 1567 Halicarnasseis
690 1503 847 1567 traditum
875 1507 935 1568 est.
980 1505 1093 1588 Neque
1124 1507 1209 1572 enim
1238 1509 1410 1590 probabile
1433 1514 1482 1573 est

188 1605 250 1670 has
279 1625 331 1670 res
361 1606 405 1670 ad
427 1605 599 1686 scriptores
621 1605 889 1672 Halicarnasseus
912 1608 996 1674 illius
1018 1611 1134 1675 aetatis
1160 1611 1266 1675 redire
1288 1611 1481 1692 complures.

187 1709 218 1772 A
240 1728 305 1789 quo
333 1708 428 1790 igitur
456 1712 582 1772 veteres
611 1714 806 1790 aoceperrmt
835 1730 918 1792 quae
941 1713 1061 1778 scimus
1083 1713 1125 1778 de
1146 1713 1354 1796 Panyassidis
1377 1717 1480 1795 patre,

188 1811 230 1874 de
248 1812 315 1875 eius
337 1831 426 1888 nece,
451 1812 491 1875 de
514 1812 582 1875 eius
606 1832 679 1876 curn
695 1812 865 1878 Herodoto
889 1816 1091 1897 cognatione,
1115 1817 1156 1880 ab
1181 1817 1298 1881 eodem
1314 1820 1481 1898 comperta

187 1913 371 1979 habuenmt
401 1915 549 1992 nomina,
579 1934 663 1996 quae
692 1916 850 1982 Herodoti
877 1919 1067 2000 parentibus
1097 1920 1228 1985 fuerunt
1250 1923 1282 1984 et
1304 1919 1411 1998 fratri,
1442 1939 1481 1984 ex

188 2017 334 2081 eiusdem
349 2018 542 2083 testimoniis
560 2025 780 2100 cognovenmt
790 2020 995 2085 Herodotum
1012 2023 1100 2103 apud
1117 2023 1202 2086 cives
1213 2021 1480 2087 Halicamasseos

187 2119 221 2184 in
244 2121 319 2185 odio
342 2121 441 2185 fuisse
464 2141 612 2203 quaeque
635 2126 768 2203 propter
788 2122 968 2204 Panyassin
991 2128 1023 2188 et
1045 2124 1249 2189 Herodotum
1273 2126 1314 2189 de
1336 2126 1480 2207 tyramris

187 2223 441 2289 Halicamasseis
464 2225 551 2306 apud
575 2224 710 2290 Suidam
731 2225 889 2306 leguntur.
926 2226 1006 2290 Post
1027 2227 1237 2292 Artemisiam
1259 2228 1354 2309 igitur
1375 2227 1479 2292 Pisin-

187 2327 290 2406 delin,
312 2331 388 2409 post
409 2329 495 2391 hunc
516 2327 694 2410 Lygdamin
716 2328 935 2394 Halioamassi
957 2329 1161 2394 dominatum
1183 2330 1351 2408 habuisse,
1374 2330 1479 2415 Pisin-

188 2431 275 2496 delin
296 2432 491 2497 Artemisiae
512 2430 629 2508 filium,
651 2431 857 2496 Pisindelidis
878 2432 1057 2514 Lygdamin
1078 2433 1192 2510 fuisse,
1223 2435 1265 2498 ab
1288 2434 1351 2498 hoo
1372 2433 1479 2516 Pany-

187 2535 275 2599 assin
297 2540 448 2600 necatum
472 2553 553 2611 esse,
577 2535 619 2598 ah
642 2534 812 2599 Herodoto
834 2535 1014 2617 Lygdamin
1037 2536 1208 2617 expulsum
1230 2537 1348 2602 Suidas
1370 2540 1480 2602 narrat

186 2638 373 2702 testimonia
395 2638 535 2703 auctoris
557 2637 712 2714 referens,
735 2657 800 2718 quo
823 2638 938 2702 melior
961 2658 1058 2703 nemo
1083 2659 1154 2703 esse
1176 2639 1335 2724 possit.¹)'

271 2741 347 2806 Eius
368 2741 450 2806 liber
472 2742 589 2823 quibus
608 2741 649 2805 de
666 2742 763 2805 rebus
780 2741 979 2822 conscriptus
995 2742 1045 2818 sit,
1068 2761 1121 2806 res
1137 2762 1176 2806 eo
1193 2743 1332 2808 traditae
1350 2744 1478 2808 docent.

187 2844 279 2922 Quae
302 2863 375 2908 curn
398 2845 441 2908 ad
456 2844 643 2927 Panyassin‚
667 2844 881 2920 Herodotum,
906 2843 974 2908 eius
992 2848 1145 2924 parentes
1161 2864 1200 2909 ao
1217 2844 1360 2924 fratrem,
1383 2847 1479 2910 Arte-

186 2946 322 3025 misiam,
345 2948 530 3024 Pisindelin,
547 2945 724 3029 Lygdamin
741 2947 925 3028 pertineant
944 2966 982 3010 ao
999 2946 1039 3012 de
1057 2945 1171 3012 civium
1188 2947 1345 3011 nobilium
1362 2948 1477 3026 ferant,

186 3069 270 3130 quae
293 3050 423 3116 anullo
446 3050 571 3116 narrari
592 3049 652 3115 nisi
675 3051 717 3114 ab
740 3048 989 3113 Halicamasseo
1013 3050 1141 3131 aequali
1162 3049 1335 3131 potuerint,
1367 3071 1478 3116 earum

185 3171 292 3217 rerum
322 3152 509 3235 scriptorem
540 3157 669 3235 oportet
705 3152 804 3216 literis
834 3152 1009 3216 mandasse
1040 3171 1173 3217 suorum
1205 3157 1393 3235 temporum
1426 3174 1478 3218 res

184 3254 460 3322 Halicarnasseas.

270 3359 363 3424 Nune
385 3360 427 3423 ad
451 3359 676 3440 cognationem
698 3358 903 3441 Panyassidis
927 3361 959 3422 et
974 3358 1133 3423 Herodoti
1155 3359 1353 3436 revertimur,
1378 3359 1477 3440 quisi

184 3481 220 3525 re
249 3482 326 3527 vera
352 3465 509 3550 ἐξάδελφοι
535 3463 674 3540 suerrmt,
704 3466 813 3528 aetate
835 3481 902 3526 non
924 3461 970 3524 ita
992 3462 1112 3526 distare
1134 3466 1319 3544 potuerunt.
1364 3463 1477 3544 ltaque

183 3564 366 3644 videamus,
396 3585 474 3630 num
503 3565 580 3646 quid
608 3565 685 3630 certi
715 3566 756 3629 de
786 3569 934 3646 tempore
964 3564 1024 3629 dici
1053 3566 1172 3648 possit,
1202 3584 1267 3647 quo
1295 3565 1362 3648 nati
1391 3570 1476 3630 sunt.

270 3668 463 3751 Incipiamus
492 3689 512 3732 a
532 3668 745 3751 Panyasside,
779 3667 868 3733 cuius
896 3667 937 3731 de
961 3672 1069 3732 aetate
1093 3668 1265 3759 opiniones.
1284 3669 1367 3734 duas
1389 3670 1477 3751 apud

183 3774 308 3836 veteres
340 3772 499 3837 exstitisse
529 3771 747 3853 cognovimus.
799 3771 880 3835 Utra
910 3770 1004 3834 nobis
1035 3772 1208 3852 probanda
1238 3771 1291 3850 sit,
1328 3772 1477 3837 dubitare

272 3993 293 4062 1)
319 3996 373 4049 Sed
390 3996 461 4049 enirn
480 3997 513 4050 de
531 3995 661 4049 Herodoti
678 3995 759 4048 rebus
776 3993 989 4048 Halicarnasseis
1013 4010 1071 4048 non
1094 3994 1203 4059 desunt,
1227 4009 1298 4062 quae
1325 4011 1361 4049 an
1385 3995 1476 4063 potius

184 4081 422 4148 grammaticorum
440 4082 594 4136 coniectura
610 4085 717 4149 reperta
735 4079 801 4144 sint,
826 4078 942 4132 dubitari
964 4084 1061 4147 potest.
1097 4081 1210 4148 Propter
1231 4081 1381 4150 Lygdamin
1405 4082 1476 4134 enim

182 4165 351 4220 Herodotum
368 4168 442 4221 Sarni
459 4168 604 4236 profugum
623 4167 726 4235 degisse
743 4181 777 4219 ex
794 4164 853 4219 aliis
870 4163 1031 4220 testimoniis
1045 4165 1133 4235 colligi
1146 4171 1243 4234 potest.
1269 4168 1310 4222 Ac
1322 4167 1379 4222 sine
1393 4167 1475 4220 dubio

184 4252 219 4305 ad
236 4252 474 4322 grammaticorum
498 4253 680 4308 coniecturam
704 4252 802 4307 falsum
823 4251 890 4306 illud
913 4268 1041 4306 revocare
1064 4252 1207 4318 debemus,
1231 4252 1305 4320 quod
1323 4252 1475 4306 Herodotus

183 4337 257 4391 Sarni
284 4338 383 4407 degens
410 4339 524 4393 dialecto
551 4339 644 4393 Ionica
669 4355 698 4392 se
725 4337 874 4392 exercuisse
901 4337 992 4394 fertur.
1037 4337 1114 4392 Ultro
1142 4343 1241 4402 autem,
1268 4354 1325 4390 non
1347 4353 1362 4390 e
1387 4337 1475 4405 patria

181 4421 296 4477 eiectum
312 4424 480 4478 Herodotum
498 4425 584 4478 civem
601 4424 732 4478 Thorium
749 4425 851 4479 lactum
875 4439 934 4478 esse
958 4423 1036 4478 facile
1053 4428 1170 4478 statuere
1192 4427 1310 4491 poterat,
1335 4422 1382 4490 qui
1405 4422 1474 4476 illius

184 4509 279 4563 aetatis
296 4525 338 4563 res
355 4510 576 4564 Halicarnasseus
594 4510 746 4564 accuratius
763 4516 888 4563 narratas
906 4510 949 4563 vel
966 4509 1078 4563 omnino
1096 4509 1218 4578 cognitas
1235 4507 1339 4562 habuit.
