3604 5288
900 281 1111 344 „53-

448 454 547 536 Apud
568 452 810 518 Artemidorum
832 453 866 516 in
887 471 1007 532 magno
1029 451 1156 515 honore
1179 452 1237 514 est.
1283 448 1443 514 Omnibus
1472 448 1558 513 enim
1580 449 1654 513 locis

365 577 438 622 cum
461 556 558 622 laude
580 555 774 621 nominatur.
819 555 868 619 Ac
898 553 999 619 semel
1028 553 1105 635 ipsis
1127 551 1233 617 verbis
1255 551 1428 634 Panyassis
1459 552 1656 616 somniorum

362 661 520 741 interpres
550 658 665 723 dicitur
694 661 745 722 καὶ
774 661 999 743 γνωριμώτατος
1029 660 1079 722 ναὶ
1109 657 1279 740 ἐλλόγιμος,
1313 674 1502 736 quanquam
1532 657 1656 735 praeter

362 752 615 838 Artemidorum,
640 760 694 842 qui
716 760 818 825 altero
841 780 873 841 p.
898 760 972 826 Chr.
996 760 1125 824 saeculo
1149 758 1240 836 vixit,
1264 761 1297 823 et
1320 757 1455 823 Suidam
1478 777 1575 822 nemo
1598 761 1652 835 est,

365 865 419 947 qui
441 864 524 929 illius
547 864 664 929 librum
688 866 930 928 commemoret.

451 967 624 1049 Scripsisse
655 985 727 1030 eum
759 964 874 1030 dicitur
901 965 1125 1046 philosophus.
1175 964 1247 1029 Hoc
1276 962 1392 1028 mirum
1420 962 1558 1040 videtur,
1587 983 1655 1028 oum

363 1070 444 1136 nihil
478 1071 522 1134 ad
552 1069 791 1151 philosophiam
825 1068 986 1150 pertinere
1014 1067 1162 1132 videatur
1195 1067 1395 1131 somniorum
1428 1065 1655 1147 interpretatio.

365 1175 431 1240 Sed
450 1174 515 1238 alia
533 1193 619 1238 nunc
637 1171 864 1255 philosophiae
882 1170 1014 1235 nomine
1032 1169 1360 1251 comprehenduntur,
1379 1169 1443 1233 aha
1460 1169 1656 1251 temporibus

363 1276 597 1358 imperatorum
615 1275 840 1339 Romanorum
860 1293 898 1339 ao
916 1277 1041 1355 postea.
1080 1273 1165 1338 Tum
1185 1272 1281 1350 enim,
1303 1291 1377 1337 cum
1395 1271 1458 1354 ipsi
1476 1272 1656 1354 philosophi

366 1379 494 1460 saepius
524 1378 567 1444 ad
593 1376 829 1459 superstitIonis
858 1379 890 1442 et
918 1377 1034 1440 artium
1063 1377 1262 1458 magicarum
1284 1375 1391 1441 studia
1414 1376 1656 1452 descenderunt,

365 1482 449 1547 haec
461 1501 597 1570 quoque
614 1479 721 1544 studia
738 1479 965 1562 philosophiae
981 1479 1113 1544 nomine
1129 1461 1389 1560 appellabantur,
1406 1482 1443 1544 ut
1460 1478 1529 1560 ipse
1546 1477 1655 1543 Suidas

366 1604 520 1666 magnrun
542 1582 814 1665 pbilosophorum
835 1602 1006 1646 numerum
1029 1586 1273 1660 commemorat,
1299 1581 1354 1664 qui
1377 1582 1419 1646 de
1441 1581 1655 1663 prodigiorum

364 1687 630 1768 interpretatione
648 1687 705 1750 aut
723 1685 793 1748 aliis
808 1685 906 1749 rebus
924 1684 1065 1766 mysticis
1082 1684 1184 1749 libros
1197 1685 1361 1766 scripsisse
1380 1685 1536 1750 ferantur.
1571 1683 1655 1762 Quae

367 1789 515 1870 exempla
547 1787 664 1866 inveni,
693 1789 805 1852 affero.
858 1788 979 1852 Dicitur
1006 1786 1177 1852 Africanus
1207 1788 1240 1852 in
1269 1789 1351 1853 libro
1382 1791 1483 1854 κεστοί
1511 1787 1654 1867 inscripto

366 1895 521 1956 tractasse
540 1894 574 1956 ἐκ
592 1893 689 1974 λόγων
711 1916 744 1955 τε
767 1894 815 1956 καὶ
838 1892 985 1956 ἐπαοιδῶν
1007 1893 1057 1955 καὶ
1078 1893 1216 1975 γραπτῶν
1239 1916 1323 1957 τινων
1342 1894 1542 1978 χαρακτήρων
1562 1891 1653 1967 ἰάσεις,

367 1994 459 2059 Philo
482 1994 601 2085 librum
623 1993 785 2075 scripsisse
803 1996 870 2079 περὶ
889 1996 1021 2080 ὀνείρων,
1044 1994 1263 2076 Hermagoras
1282 1998 1347 2082 περὶ
1366 1990 1548 2082 ᾠοσκοπίας,
1570 1993 1654 2057 Theo

366 2101 432 2183 περὶ
455 2100 586 2184 σημείων
609 2101 658 2164 καὶ
681 2098 792 2182 σκοπῆς
814 2087 927 2182 ὄρνεων
950 2101 999 2162 καὶ
1021 2100 1072 2182 τῆς
1094 2100 1231 2183 κοράκων
1254 2102 1366 2185 φωνῆς,
1396 2098 1529 2180 Pappus
1556 2099 1655 2178 ὀνειρο·

366 2203 487 2287 νριτικά,
511 2201 662 2284 Syrianus
685 2201 727 2265 de
744 2200 908 2265 vaticiniis.
942 2200 1056 2283 Neque
1073 2205 1182 2266 autem
1198 2201 1375 2283 quidquam
1392 2201 1536 2277 interest,
1554 2201 1654 2263 utrum

367 2304 399 2368 hi
415 2305 486 2368 libri
498 2303 626 2386 genuini
639 2323 751 2368 omnes
763 2303 881 2369 luerint
895 2323 1007 2368 necne.
1030 2304 1114 2368 Nam
1132 2304 1229 2368 etiam
1239 2303 1265 2368 si
1283 2304 1337 2386 qui
1355 2304 1486 2369 fuerunt
1497 2299 1653 2384 suppositi,

366 2409 478 2470 tamen
501 2406 544 2484 id,
568 2406 657 2487 quod
679 2406 930 2470 demonstraturi
952 2426 1072 2483 sumus,
1096 2410 1218 2471 certmn
1242 2411 1303 2472 est:
1327 2408 1424 2472 luisse
1443 2406 1498 2488 qui
1519 2405 1653 2487 philoso-

367 2508 508 2589 phorum
527 2529 596 2572 esse
618 2509 850 2573 arbitrarentur
873 2507 1031 2572 eiusmodi
1053 2509 1150 2572 libros
1173 2509 1321 2575 scribere.
1360 2510 1426 2576 Sed
1450 2509 1527 2592 quid
1548 2506 1652 2590 plura?

368 2610 405 2675 ln
422 2611 492 2692 ipso
503 2610 654 2692 Hesychii
670 2609 910 2692 onomatolog0,
927 2630 1025 2691 quem
1036 2612 1169 2692 quidem
1180 2613 1295 2678 Suidas
1307 2614 1434 2691 reddat,
1450 2612 1507 2677 viri
1520 2610 1653 2676 celebres

368 2714 413 2777 ila
426 2713 584 2778 distributi
596 2717 681 2791 sunt,
695 2717 730 2778 ut
743 2713 776 2777 in
787 2713 1054 2794 pbilosophorum
1070 2734 1206 2780 numero
1220 2716 1531 2798 pseudophilosophi
1548 2729 1652 2778 omnes

368 2817 560 2881 habeantur.
612 2815 832 2894 Quamobrem
859 2817 946 2897 apud
973 2817 1124 2895 Suidam,
1154 2818 1335 2900 quicunque
1369 2819 1402 2884 in
1437 2817 1651 2901 mysteriorum

368 2923 424 2983 ant
452 2918 672 3001 prodigiorum
702 2919 815 2984 studiis
844 2919 960 2983 versati
990 2924 1079 2998 sunt,
1109 2925 1267 2986 vocantur
1299 2921 1494 3004 philosophi.
1551 2920 1653 2996 ltaque

369 3022 645 3105 quemadmodum
673 3022 850 3105 mystagogi
878 3021 1069 3103 Apollonius
1096 3023 1262 3106 Tyanam,
1289 3025 1464 3106 Arignota,
1499 3017 1652 3092 Petosiris,

369 3125 494 3202 Sando,
530 3125 670 3190 Sotades
697 3124 905 3189 Atheniensis
938 3125 1123 3207 philosophi
1152 3132 1322 3205 vocantur,
1361 3129 1406 3192 ita
1443 3124 1653 3210 prodigiorum

368 3228 559 3308 interpretes
571 3227 732 3309 Tyrannio
752 3232 784 3292 et
800 3227 1024 3293 Artemidorus
1035 3227 1059 3312 ¹)
1078 3229 1175 3308 idem,
1195 3231 1250 3312 qui
1268 3232 1444 3313 Panyassin
1463 3228 1652 3296 somniorum

369 3331 577 3412 interpretem
616 3335 859 3395 commemorat.
916 3331 1024 3413 Atque
1058 3332 1196 3396 eandem
1230 3335 1272 3398 ob
1308 3354 1439 3398 causam
1471 3322 1651 3414 Arignota2)

369 3433 530 3517 scripsisse
553 3434 668 3498 dicitur
689 3437 809 3506 τελετὰς
832 3435 974 3500 Διονύσου
997 3437 1047 3498 καὶ
1070 3425 1147 3499 ἄλλα
1170 3439 1331 3524 φιλόσοφα.

456 3535 617 3614 Quoniam
639 3536 733 3618 igitur
753 3537 923 3619 Panyassis
945 3541 1119 3619 propterea
1140 3538 1352 3620 philosophus
1378 3538 1558 3621 appellatus
1580 3549 1651 3604 esse,

370 3639 459 3720 quod
491 3640 532 3703 de
560 3640 692 3704 somniis
720 3641 838 3705 librum
868 3640 1006 3721 scripsit,
1041 3644 1073 3704 et
1103 3645 1210 3722 potest
1239 3645 1271 3706 et
1299 3642 1440 3721 videtur,
1479 3630 1652 3724 philosophi

371 3740 544 3822 appellatio
568 3742 661 3806 nohis
683 3743 915 3824 impedimento
937 3763 1005 3808 non
1028 3747 1076 3808 est
1098 3745 1270 3826 quominus
1291 3745 1467 3827 Panyassin
1493 3743 1651 3810 minorem,

370 3845 396 3907 si
419 3844 481 3908 alia
503 3865 573 3909 rem
594 3844 770 3926 postulant,
792 3865 812 3909 a
834 3847 1029 3929 Panyasside
1048 3851 1146 3929 poeta
1169 3848 1361 3912 disiunctum
1385 3869 1425 3913 ex
1447 3865 1549 3930 eoque
1570 3834 1652 3923 quasi

372 3948 601 4030 depromptum
627 3947 813 4012 iudicemus.
862 3950 893 4014 A
922 3950 992 4014 sola
1021 3950 1106 4014 enirn
1136 3951 1321 4032 philosophi
1351 3950 1565 4032 appellatione
1593 3940 1651 4006 dis·

372 4050 492 4114 crimen
513 4051 644 4131 pendet,
667 4051 755 4131 quod
778 4051 861 4116 inter
882 4053 1094 4136 Panyassides
1116 4057 1249 4135 poetam
1269 4057 1301 4118 et
1318 4053 1546 4135 philosophum
1563 4045 1651 4110 inter·

372 4153 487 4216 cedere
508 4152 643 4230 videtur,
668 4153 708 4218 de
731 4174 796 4235 quo
819 4159 947 4236 praeter
966 4155 1151 4237 philosophi
1171 4175 1292 4220 nomen
1310 4155 1388 4221 nihil
1408 4157 1561 4228 tradatur,
1583 4142 1652 4227 quin

460 4305 481 4373 ¹)
508 4307 581 4360 Suid.
606 4325 627 4360 S.
650 4325 674 4360 v.
697 4304 890 4378 Ἀρτεμίδωρος
914 4351 919 4362 .
940 4349 972 4363 ..
997 4311 1143 4380 φιλόσοφος·
1168 4311 1276 4382 ἔγραψεν
1301 4311 1482 4380 ὀνειροκριτικὰ
1507 4307 1533 4358 ἐν
1557 4299 1651 4374 filimi

372 4389 390 4444 δ’
413 4392 602 4446 slavorum&
619 4395 663 4447 καί
681 4397 873 4468 χειροσκοπικά.

458 4477 481 4545 ²)
509 4479 581 4533 Suid.
600 4497 622 4533 s.
641 4495 666 4533 ν.
