3604 5288
830 304 1021 366 „g-

367 475 531 555 Quoniam
561 475 679 540 Suidas
707 474 923 556 Panyassides
953 475 1051 539 tradit
1085 475 1183 551 duos,
1217 474 1258 538 de
1292 429 1418 555 quibus
1443 459 1571 536 diversa

280 580 439 655 feruntur,
468 578 574 660 primo
597 599 659 656 reS,
681 578 744 643 nisi
766 579 838 661 quis
861 579 1041 644 accuratius
1064 598 1137 642 eam
1160 576 1425 653 consideraverit,
1447 575 1570 640 nullam
1673 617 1675 622 ,

280 681 518 746 dubitationem
549 681 677 746 videtur
710 681 841 746 habere.
897 681 1115 763 Philosophus
1154 681 1241 746 enim
1274 681 1376 745 altero
1409 677 1572 764 posterior

279 786 379 850 fuisse
402 788 433 848 et
456 785 497 848 de
520 783 655 848 somniis
676 783 796 848 librum
818 784 985 865 scripsisse
1007 784 1118 861 fertur,
1141 785 1241 861 cuius,
1263 783 1320 847 ubi
1341 783 1383 846 de
1401 784 1500 863 poeta
1518 800 1571 844 res

280 893 339 965 est,
362 887 484 952 mentio
507 886 543 950 fit
565 886 663 950 nulla.
710 887 779 951 Etsi
800 890 908 951 autern
932 890 1031 968 poeta
1053 887 1148 952 simul
1169 886 1392 969 prodigiorum
1412 885 1571 965 interpres

279 991 476 1067 nominatur,
498 990 533 1052 in
555 1008 620 1071 quo
644 989 846 1053 somniorum
866 989 984 1072 peritia
1010 990 1230 1072 exspectanda
1255 992 1317 1066 est,
1344 992 1456 1052 tamen
1482 986 1573 1050 illum

280 1095 322 1158 de
344 1093 478 1158 somniis
500 1091 619 1156 librum
642 1092 671 1155 ei
688 1092 864 1157 attribuere
881 1096 1055 1173 propterea
1070 1111 1228 1170 veremur,
1252 1091 1341 1175 quod
1356 1088 1572 1172 philosophus

281 1217 356 1262 eum
384 1196 550 1278 scripsisse
577 1195 701 1259 dicitur.
753 1195 820 1260 Sed
848 1215 912 1276 quo
944 1196 1125 1260 accuratius
1154 1195 1238 1260 inter
1265 1215 1300 1258 se
1323 1191 1571 1274 comparaveris,

280 1319 365 1383 quae
388 1299 429 1362 de
451 1302 551 1380 poeta
573 1302 605 1362 et
627 1298 668 1363 de
685 1298 883 1380 philosopho
899 1299 1080 1376 traduntur,
1104 1318 1143 1364 eo
1162 1318 1214 1362 res
1233 1297 1384 1362 incertior
1401 1295 1571 1359 videbitur.

280 1404 328 1468 Ac
351 1403 471 1484 duplex
493 1401 625 1483 quidem
646 1401 786 1483 suspicio
810 1402 878 1478 erit,
902 1422 974 1466 cum
992 1402 1149 1466 incertum
1166 1402 1324 1478 videatur,
1346 1403 1455 1464 utrum
1473 1400 1573 1479 poeta

280 1526 300 1572 a
327 1505 524 1588 philosopho
550 1523 723 1585 perperam
752 1504 921 1569 distinctus
949 1524 992 1569 an
1013 1524 1088 1569 cum
1110 1524 1149 1568 eo
1180 1504 1333 1569 confusus
1364 1502 1414 1566 sit.
1465 1501 1572 1564 Unam

281 1609 368 1673 enim
388 1608 556 1688 utriusque
573 1625 749 1687 personam
764 1626 835 1671 esse
851 1608 1026 1688 putaveris,
1048 1608 1137 1689 quod
1156 1611 1291 1688 uterque
1306 1605 1572 1670 Halicarnasseus

280 1710 477 1787 nominatur,
489 1713 624 1791 uterque
635 1710 800 1792 prodigiis
815 1710 932 1791 quibus
944 1710 1071 1775 somnia
1082 1709 1330 1774 adnumeranda
1341 1711 1425 1785 sunt,
1438 1724 1574 1787 operam

280 1813 410 1877 dedisse
432 1812 542 1877 fertur.
588 1813 671 1878 Cum
692 1832 769 1878 vero
793 1814 834 1877 de
855 1816 974 1895 poetae
997 1817 1104 1878 aetate
1127 1813 1211 1877 duae
1233 1815 1381 1876 veterum
1403 1808 1572 1890 opiniones

281 1915 381 1980 fuisse
412 1934 535 1997 eaeque
557 1917 641 1980 inter
663 1937 699 1982 se
721 1917 860 1980 multum
882 1916 1011 1980 differre
1043 1900 1160 2004 (aollqi
1182 1912 1392 2003 πρεσβύτερος)
1415 1913 1573 1988 dicantur,

280 2018 372 2082 nihili
390 2018 517 2082 videtur
532 2019 612 2083 illud
629 2020 815 2084 ducendum
832 2040 915 2097 esse,
937 2020 1026 2102 quod
1043 2023 1143 2102 poeta
1159 2022 1267 2083 aetate
1286 2017 1443 2100 superior,
1465 2014 1572 2097 philo·

280 2122 404 2202 sophus
427 2122 588 2202 posterior
610 2122 734 2187 dicitur.
768 2123 852 2187 Huic
868 2123 964 2205 igitur
983 2125 1071 2206 quod
1086 2123 1255 2205 proprium
1273 2123 1315 2185 sit
1336 2120 1417 2184 nihil
1437 2116 1574 2198 relinqui

277 2224 407 2288 videtur
433 2224 495 2288 nisi
525 2223 712 2306 philosophi
740 2246 871 2290 nomen.
924 2227 1021 2304 Quod
1050 2227 1193 2292 eumad
1221 2224 1443 2308 prodigiorum
1473 2221 1572 2285 inter-

279 2332 407 2409 pretem
437 2347 504 2391 non
531 2328 635 2408 magis
664 2328 824 2409 quadrare
854 2349 955 2410 quam
982 2329 1025 2392 ad
1054 2333 1187 2411 poetam
1217 2328 1379 2403 videatur,
1409 2323 1502 2388 facile
1532 2341 1571 2385 eo

279 2429 472 2494 adducimur
498 2433 534 2493 ut
562 2433 696 2510 poetam
726 2449 801 2494 cum
821 2430 1018 2513 philosopho
1041 2431 1213 2495 confusum
1235 2431 1445 2512 suspicemur.
1488 2427 1574 2490 Nam

279 2532 503 2614 prodigiorum
535 2532 693 2613 interpres
731 2532 784 2597 ille
817 2533 954 2597 forsitan
991 2533 1088 2598 fuerit
1119 2533 1334 2616 philosophus
1372 2531 1574 2596 somniorum

281 2635 450 2716 interpres.
483 2635 532 2698 De
555 2637 662 2699 aetate
685 2639 796 2700 autern
816 2641 947 2718 poetae,
970 2638 1025 2718 qui
1047 2637 1080 2700 in
1103 2637 1265 2700 aetatibus
1287 2637 1427 2699 multum
1448 2634 1572 2697 distan-

280 2738 367 2802 tibus
390 2742 546 2819 ponatur,
574 2738 734 2802 dissensio
756 2740 863 2820 potuit
886 2760 924 2804 eo
948 2740 1037 2818 oriri,
1067 2740 1156 2821 quod
1177 2739 1349 2821 Panyassis
1371 2738 1478 2802 minor
1500 2755 1574 2800 cmn

280 2845 381 2922 poeta
408 2841 562 2905 confusus
592 2843 650 2905 est.
694 2841 735 2905 Et
763 2843 919 2923 quoniam
946 2846 978 2907 et
1006 2843 1047 2907 de
1076 2846 1170 2924 patre
1197 2846 1229 2907 et
1258 2843 1300 2906 de
1328 2841 1434 2923 patria
1455 2842 1573 2921 poetae

280 2943 410 3008 diversa
430 2944 615 3021 traduntur,
647 2943 730 3009 haec
752 2945 862 3027 opinio
885 2946 1092 3028 comprobari
1113 2945 1249 3034 videtur.
1295 2944 1459 3022 Quoniam
1480 2942 1575 3024 igitur

281 3045 353 3110 viae
374 3049 488 3128 patere
509 3050 576 3110 tres
597 3046 762 3125 videntur,
792 3052 863 3113 tam
893 3049 993 3113 dubia
1014 3069 1067 3113 res
1090 3053 1139 3114 est
1160 3053 1197 3114 ut
1225 3049 1353 3114 interim
1375 3049 1575 3111 reservatam

282 3167 415 3231 prorsus
437 3148 607 3229 neglegere
624 3168 685 3214 nec
705 3150 794 3232 prius
815 3152 972 3233 attingere
994 3152 1172 3217 debeamus
1196 3172 1295 3233 quam
1317 3152 1359 3215 de
1380 3151 1447 3215 vita
1468 3149 1573 3230 Pany-

283 3251 400 3315 assidis
422 3255 550 3332 poetae,
575 3272 659 3333 quae
681 3253 863 3331 traduntur,
887 3255 997 3318 omnia
1020 3256 1269 3334 excusserimuS,
1292 3256 1409 3336 quibus
1433 3253 1574 3318 excussis

283 3353 377 3418 facile
407 3354 467 3418 erit
497 3356 639 3420 remita
672 3356 813 3421 iudicare
846 3359 882 3420 ut
916 3377 990 3420 cum
1015 3355 1214 3439 Panyasside
1248 3358 1339 3439 epico
1374 3357 1575 3422 somniorum

283 3457 442 3538 interpres
468 3477 620 3538 perverse
649 3458 802 3524 confusus
831 3462 930 3541 atque
960 3459 1048 3524 idem
1077 3464 1164 3525 recte
1193 3461 1236 3525 ab
1260 3481 1299 3526 6ο
1323 3461 1500 3525 disiunctus
1523 3459 1574 3522 sit.

369 3559 540 3624 Materiam
573 3561 738 3626 divisimus
772 3581 810 3626 ac
833 3562 1061 3644 disposuimus,
1094 3567 1131 3628 ut
1161 3565 1361 3645 quaestionis
1390 3564 1472 3627 ratio
1502 3562 1574 3626 fert.

283 3662 331 3726 Ac
353 3663 495 3743 primum
524 3663 657 3744 quidem
679 3664 874 3729 disseremus
901 3665 943 3728 de
964 3665 1171 3747 Panyassidis
1193 3667 1339 3744 nomine,
1369 3670 1440 3729 tum
1468 3665 1509 3728 de
1536 3663 1574 3725 iis

285 3765 398 3843 rebus,
423 3786 507 3847 quae
530 3766 573 3829 ad
591 3765 798 3848 Panyassidis
821 3768 902 3848 epici
923 3768 1077 3849 patriam,
1101 3773 1256 3847 aetatem,
1279 3788 1380 3850 genus
1402 3768 1574 3847 cognatos-

284 3887 348 3949 que
370 3869 547 3948 pertinent,
577 3869 694 3934 deinde
716 3869 895 3952 Panyassin
916 3872 1149 3954 philosophum
1176 3873 1404 3947 tractabimus
1435 3869 1574 3948 denique

284 3973 427 4050 poetam.
471 3969 642 4036 Postremo
673 3974 996 4054 comprehendemus
1027 3994 1111 4057 quae
1140 3975 1202 4039 hac
1225 3975 1415 4056 quaestione
1437 3973 1574 4038 demon-

284 4075 387 4136 strata
409 4077 493 4137 sunt.
