3604 5288
827 272 1039 334 ..10-

288 447 343 531 (=
364 443 529 527 Ὀ7ασσ6ς)
557 443 689 507 nomine
714 443 856 507 habetur
877 463 938 507 nec
961 443 1124 506 diversum
1145 441 1306 526 videtur-1)
1329 444 1371 508 ab
1394 443 1483 507 urbis
1500 442 1577 507 Cre-

287 549 388 613 tensis
401 539 546 630 ''Oato;2)
563 545 706 623 nomine,
730 546 819 626 quod
836 546 915 628 quin
932 545 1081 610 Caricum
1096 547 1236 625 putetur,
1264 545 1344 608 nihil
1360 545 1479 621 obstet,
1502 543 1579 626 quia
1625 539 1628 546 ’

287 652 321 715 in
337 651 433 715 Creta
456 648 621 733 quondam
640 648 739 713 Cares
762 648 1000 713 habitaverunt.
1034 646 1073 710 cf.
1091 646 1167 711 Her.
1184 648 1206 712 l.
1226 648 1297 711 171.
1321 685 1362 694 -
1385 648 1421 711 ln
1442 645 1578 719 Οὐασσός

287 757 398 818 autem
421 753 573 835 (Ὗασσός,
603 752 643 816 cf.
657 743 835 825 ’Υσσωλλος
858 755 889 816 et
913 743 1105 829 Οὕσσωλλος)
1128 769 1187 831 pro
1218 777 1253 816 σο
1279 750 1379 814 literis
1403 778 1424 839 c
1451 751 1578 815 literam

287 855 467 938 simplicem
489 857 585 921 scribi
606 857 751 938 potuisse
773 875 895 921 nomen
918 853 1134 936 compositum
1152 851 1405 938 Ὠνζωοσυασός3)
1432 854 1527 918 docet
1545 853 1579 916 in

290 959 408 1025 eodem
437 959 532 1024 titulo
562 980 627 1042 quo
657 961 737 1024 illud
763 959 929 1025 traditum.
978 956 1067 1040 (Ditt.
1095 955 1128 1022 S.
1156 955 1200 1038 6.)
1246 956 1409 1033 Quoniam
1431 957 1526 1039 igitur
1548 955 1580 1018 Ψ

286 1061 380 1126 litera
410 1061 444 1124 in
473 1062 588 1126 iisdem
617 1063 803 1127 nominibus
834 1059 1011 1125 scribendis
1039 1060 1071 1122 et
1102 1062 1170 1131 tet
1199 1085 1235 1125 σσ
1261 1063 1294 1124 et
1317 1087 1333 1124 σ
1360 1060 1459 1146 literis
1487 1059 1580 1124 reddi

287 1167 426 1245 poterat,
448 1165 746 1244 probabilissimum
769 1165 901 1246 quidem
925 1166 974 1227 est
995 1161 1079 1226 illius
1101 1160 1212 1226 literae
1232 1161 1485 1242 appellationem
1506 1181 1580 1226 eam

287 1266 387 1331 fuisse
408 1269 444 1330 ut
466 1267 499 1331 id
525 1267 633 1350 ipsum
656 1269 853 1332 elementum
875 1267 1051 1342 diceretur,
1082 1259 1226 1347 quod'in
1248 1291 1347 1336 υασοις
1371 1265 1458 1329 exitu
1479 1265 1579 1329 literis

288 1369 418 1433 Graecis
441 1374 589 1435 accurate
611 1371 703 1435 reddi
724 1390 792 1439 non
813 1370 959 1452 potuisse
981 1369 1129 1434 vidimus.
1169 1370 1254 1434 Nam
1278 1369 1394 1450 quihus
1417 1369 1451 1432 in
1472 1368 1579 1432 nomi-

287 1472 382 1536 nibus
410 1473 529 1554 scripta
555 1473 726 1550 invenitur,
755 1494 794 1538 ea
816 1473 927 1538 omnia
948 1472 1032 1536 inter
1054 1471 1329 1557 semibarbarosll
1352 1472 1471 1554 scripta
1494 1474 1579 1548 sunt,

289 1593 428 1655 quorum
454 1575 534 1638 illud
569 1577 765 1641 elementum
792 1576 959 1658 proprium
988 1575 1088 1640 fuisse
1116 1575 1326 1639 iudicandum
1353 1580 1412 1640 est.
1466 1575 1580 1655 Neque

288 1677 384 1758 igitur
416 1677 534 1741 mirum
565 1682 629 1755 est,
662 1679 750 1760 quod
782 1679 895 1742 literae
929 1678 1087 1755 Graecae,
1121 1679 1239 1759 quihus
1271 1678 1305 1742 id
1339 1678 1579 1760 significaretur,

289 1780 471 1861 complures
501 1801 624 1863 eaeque
654 1801 720 1845 uno
749 1785 896 1862 tempore
926 1780 960 1844 in
981 1800 1043 1845 usu
1064 1782 1208 1859 fuerunt,
1238 1786 1274 1847 ut
1305 1782 1418 1863 quinto
1449 1781 1581 1863 quidem

288 1882 418 1946 saeculo
441 1882 472 1945 Ψ
490 1883 619 1948 literam
635 1885 730 1948 simul
752 1905 825 1949 cum
843 1888 855 1957 ξ
872 1888 937 1948 etc
961 1888 993 1949 et
1009 1910 1044 1951 σα
1060 1884 1160 1949 literis
1178 1889 1370 1966 usurpatam
1389 1885 1579 1949 invenimus.

287 1985 420 2067 Epyaxa
442 1986 528 2049 enim
551 1988 662 2068 regina
684 1987 827 2065 Cilicum,
856 2007 940 2068 quae
963 1987 1081 2069 Cyrum
1103 1988 1264 2052 minorem
1287 1988 1454 2064 adiuverit,
1478 1987 1581 2068 quinti

288 2087 409 2151 saeculi
421 2092 479 2152 est.
514 2089 623 2171 Atque
639 2091 673 2154 in
689 2090 782 2155 titulo
799 2090 1058 2167 Halicamasseo,
1072 2091 1127 2172 qui
1141 2091 1174 2154 in
1185 2091 1329 2154 medium
1341 2091 1404 2154 hoc
1415 2091 1581 2154 saeculum

288 2190 385 2268 cadit,
407 2191 550 2278 Ἀφόασις
567 2196 599 2257 et
616 2187 853 2279 ‘Atrropvqocdc
875 2193 1000 2257 formae
1025 2194 1197 2257 traduntur
1218 2213 1377 2258 unacum
1394 2192 1581 2258 nominihus

282 2289 546 2379 ‘Almapraooedq
567 2297 744 2372 Πανύασσις,
764 2292 939 2366 Ὀἁσσασσις
961 2295 993 2358 Ψ
1016 2296 1144 2360 literam
1167 2285 1320 2378 scriptam
1338 2295 1580 2377 praebentibus

373 2394 487 2477 ltaque
509 2398 664 2478 quoniam
686 2397 718 2460 Ψ
738 2397 866 2462 literam
890 2401 917 2480 t,
948 2425 982 2477 ο,
1006 2425 1041 2462 σε
1062 2398 1163 2462 literis
1184 2398 1278 2463 reddi
1298 2399 1443 2479 potuisse
1465 2399 1581 2461 iterum

288 2517 327 2562 ac
349 2499 479 2580 saepius
501 2500 650 2578 vidimus,
673 2501 768 2564 nobis
792 2520 922 2582 quoque
941 2499 1150 2583 Panyassidis
1172 2505 1290 2582 poetae
1308 2501 1440 2582 quidem
1459 2519 1581 2564 nomen

288 2601 503 2666 scribentibus
525 2603 651 2667 formae
674 2589 857 2684 complures
879 2604 972 2685 quasi
995 2605 1038 2668 ad
1058 2605 1265 2686 deligendum
1285 2603 1380 2668 nobis
1402 2602 1580 2684 permissae

288 2707 372 2767 sunt.
419 2705 526 2782 Quam
549 2707 635 2770 enim
662 2706 803 2770 nominis
829 2706 1001 2771 lectionem
1025 2708 1117 2790 sequi
1139 2707 1327 2783 debeamus,
1357 2705 1492 2769 dubium
1513 2722 1580 2767 non

288 2810 347 2883 est,
371 2827 443 2872 cum
466 2809 500 2873 in
521 2810 615 2874 titulo
632 2810 882 2874 Halicamasseo
900 2813 956 2874 aut
972 2810 1073 2891 ipsius
1091 2809 1299 2892 Panyassidis
1315 2811 1435 2890 poetae
1451 2812 1579 2888 tempo-

375 2943 395 3012 1)
413 2946 467 3000 Res
485 2964 574 3014 perse
587 2947 737 3001 verisimilis
756 2962 788 3000 eo
806 2948 893 3016 magis
911 2948 1112 3016 comprobatur,
1132 2947 1212 3014 quod,
1233 2947 1470 3014 quemadmodum,
1484 2941 1581 3006 Ὂαξος

286 3034 313 3082 et
332 3025 405 3090 ’teu
429 3033 542 3086 nomina
560 3033 663 3088 Cretica
686 3033 755 3086 inter
776 3049 805 3086 se
822 3033 998 3100 respondent,
1023 3033 1062 3086 ita
1086 3031 1201 3090 Οὐασσὸς
1226 3031 1320 3085 Carico
1336 3027 1430 3090 Ἀσσός
1449 3031 1579 3095 Caricam,

286 3116 361 3183 quod
379 3132 394 3169 e
411 3117 522 3171 nomine
540 3114 681 3189 Ἀσσησσός
699 3116 743 3185 (cl.
757 3113 960 3190 Ἁλικαρνησσὸς
977 3123 1004 3172 et
1016 3114 1178 3190 Ἀλίσοιρνοι)Ι
1189 3118 1363 3172 statuendum
1382 3122 1429 3171 est.

373 3200 395 3263 ²)
422 3202 462 3255 De
476 3208 589 3257 accentu
604 3203 637 3256 cf.
647 3202 739 3271 Steph.
748 3202 811 3270 Byz.
826 3220 847 3260 s.
857 3220 882 3256 v.
897 3200 989 3269 Ἴασος,
1005 3203 1077 3264 πόλις
1090 3200 1188 3276 Καρίας
1198 3244 1204 3258 .
1215 3204 1290 3256 ..καὶ
1305 3201 1432 3264 ὀξυτόνως
1444 3202 1579 3271 λεγομένη.

372 3284 395 3354 3)
422 3287 455 3340 In
478 3289 634 3343 nominibus
652 3287 751 3342 Caricis
770 3307 784 3340 σ
801 3287 907 3342 literam
925 3289 1073 3358 simplicem
1091 3290 1171 3344 scribi
1188 3306 1280 3357 posse,
1303 3289 1458 3358 ubicunque
1482 3288 1580 3356 duplex

286 3373 408 3438 habetur,
428 3373 498 3427 tituli
515 3375 581 3428 satis
596 3375 702 3428 docent.
729 3375 761 3427 ln
774 3389 830 3427 uno
845 3373 923 3427 titulo
938 3375 1145 3429 Halicarnasseo
1164 3375 1238 3438 (Ditt.
1249 3375 1275 3427 S.
1285 3373 1312 3443 6)
1330 3369 1581 3443 praeter'Apfiqou:

286 3456 402 3510 tonnam
420 3458 462 3512 bis
482 3454 606 3532 Ἀρβησις
630 3461 718 3514 tonna
740 3459 842 3526 legitur.
876 3458 1006 3527 (Dittenb.
1024 3478 1085 3515 eam
1103 3461 1195 3525 semel,
1221 3461 1285 3528 Syll.
1304 3462 1320 3514 6
1336 3477 1353 3514 a
1369 3460 1403 3512 47
1422 3459 1515 3525 tradit,
1538 3459 1580 3512 bis

286 3542 485 3612 Haussoullier‚
503 3545 573 3599 Bull.
591 3547 624 3600 de
642 3561 710 3599 corr.
728 3546 795 3599 Hell.
810 3546 854 3599 IV.
872 3563 899 3614 p.
917 3547 969 3600 798
987 3547 1020 3600 al.
1038 3548 1080 3600 46.
1107 3563 1133 3614 p.
1153 3547 1205 3599 am
1223 3546 1256 3599 al.
1277 3547 1317 3610 17,
1336 3546 1383 3614 qui
1400 3546 1581 3614 fragmentum

287 3629 339 3692 det,
358 3629 432 3697 quod
447 3631 520 3698 apud
533 3630 651 3685 Dittenb.
670 3631 764 3699 deest.)
790 3632 859 3685 Item
877 3650 891 3683 σ
907 3632 985 3685 litera
1003 3633 1102 3700 duplex
1120 3632 1232 3700 simplici
1250 3631 1354 3686 reddita
1372 3631 1479 3700 saepius
1493 3634 1581 3684 exstat

285 3713 315 3766 in
331 3714 495 3780 nominibus,
514 3717 587 3785 quod
606 3717 635 3770 in
653 3716 751 3775 ασωλος
768 3716 869 3770 exitum
887 3718 1015 3775 habeant.
1038 3719 1141 3774 clitera
1155 3717 1253 3786 duplici
1271 3717 1371 3786 scripta
1388 3722 1452 3771 sunt
1468 3716 1582 3770 nomina

287 3795 441 3857 Οὕσσωλλος
458 3801 489 3854 D.
500 3802 527 3854 S.
537 3803 578 3855 76.
591 3803 620 3867 4;
635 3799 793 3870 ’Υσσωλλος,
810 3799 996 3870 Μαύσσωλλος,
1014 3788 1228 3871 Παραύσσωλλος,
1248 3800 1467 3865 Ἀκταὺσσωλλος,
1485 3799 1581 3854 novoe-

286 3884 394 3943 σωλλος.
420 3885 484 3940 Diu.
500 3887 526 3939 S.
539 3888 564 3940 6.
590 3887 680 3956 Atque
697 3889 767 3941 haec
780 3888 869 3940 forma
882 3887 1006 3941 usitatior
1019 3893 1067 3942 est.
1087 3908 1100 3941 σ
1113 3889 1196 3945 litera.
1215 3889 1329 3958 simplici
1344 3888 1443 3956 scripta
1456 3889 1582 3956 leguntur

285 3971 399 4024 nomina
411 3968 575 4033 Μαύσωλλος
592 3974 624 4027 D.
640 3974 666 4027 S.
681 3974 722 4027 77.
737 3974 754 4026 3
771 3979 798 4027 et
811 3970 981 4042 Σαρὺσωλλος
1000 3974 1031 4026 D.
1046 3975 1072 4028 S.
1086 3975 1129 4026 aa
1146 3975 1188 4039 47,
1206 3975 1247 4028 fic
1264 3975 1306 4038 43,
1325 3975 1377 4027 od.
1390 3974 1432 4026 33.
1459 3973 1581 4041 Denique

286 4072 343 4109 non
360 4057 556 4126 neglegendum
574 4064 621 4125 est,
640 4059 715 4128 qnod
728 4055 875 4128 Ἰμβρασσις
892 4059 922 4112 in
935 4055 1067 4128 Ἰμβαρσις
1082 4059 1196 4113 transire
1210 4063 1307 4127 potest,
1326 4059 1369 4126 (D.
1383 4060 1409 4113 S.
1426 4059 1516 4113 baar.
1526 4059 1579 4124 58),

286 4139 415 4210 Σαρανσός
433 4143 522 4197 forma
539 4145 638 4199 tradita
656 4144 729 4212 (ibid.
745 4145 769 4196 6.
785 4143 829 4212 39)
848 4143 995 4212 Σαρνᾶσσός
1012 4145 1117 4198 formae
1132 4144 1291 4197 statuendae
1304 4145 1457 4212 respondet.
1484 4145 1580 4198 Errore

285 4226 366 4294 igitur
379 4232 409 4280 ut
423 4228 527 4282 formae
541 4226 740 4302 Ἀλικαρνάσιοι,
756 4226 974 4298 Ἃλικαρνασέων,
985 4226 1177 4294 lidescumba,
1188 4225 1319 4298 Ἀφύασις,
1331 4231 1460 4298 Ἀρτύατις
1475 4248 1489 4282 o
1503 4229 1580 4283 litera

285 4313 401 4380 simplici
418 4314 533 4382 scriptae
550 4317 700 4380 tradantur,
718 4316 821 4369 iactum
839 4331 898 4368 esse
914 4332 973 4369 non
989 4321 1087 4384 potest.

371 4397 394 4466 ⁴)
420 4399 547 4454 Traditur
568 4403 593 4452 Ψ
619 4402 697 4455 litera
723 4406 820 4470 quater
844 4400 873 4453 in
899 4399 977 4454 titulo
1004 4401 1219 4463 Halicarnasseo,
1246 4401 1329 4454 semel
1356 4401 1385 4455 in
1403 4401 1482 4455 titulo
1506 4400 1580 4467 Teio,

284 4484 441 4552 saepissime
450 4485 478 4538 in
493 4488 610 4541 monetis
620 4487 694 4540 urbis
703 4486 889 4554 Mesambriae,
901 4503 971 4554 quae
981 4487 1010 4540 in
1019 4486 1135 4541 Thracia
1146 4492 1211 4541 erat.
1230 4487 1263 4539 cf.
1273 4486 1420 4551 Kirchlroff,
1435 4486 1451 4538 l.
1463 4503 1485 4539 c.
1498 4502 1524 4553 p.
1540 4485 1579 4538 1a.
