<?xml version="1.0" encoding="UTF-8"?>
<!DOCTYPE html PUBLIC "-//W3C//DTD XHTML 1.0 Transitional//EN"
    "http://www.w3.org/TR/xhtml1/DTD/xhtml1-transitional.dtd">
<html xmlns="http://www.w3.org/1999/xhtml" xml:lang="en" lang="en">
 <head>
  <title>
</title>
<meta http-equiv="Content-Type" content="text/html;charset=utf-8" />
  <meta name='ocr-system' content='tesseract 3.04.00' />
  <meta name='ocr-capabilities' content='ocr_page ocr_carea ocr_par ocr_line ocrx_word'/>
</head>
<body>
  <div class='ocr_page' id='page_1' title='image "./depanyasside00kraugoog_0027.png"; bbox 0 0 3604 5288; ppageno 0'>
   <div class='ocr_carea' id='block_1_1' title="bbox 876 290 1089 354">
    <p class='ocr_par' dir='ltr' id='par_1_1' title="bbox 876 290 1089 354">
     <span class='ocr_line' id='line_1_1' title="bbox 876 290 1089 354; baseline -0.009 -16"><span class='ocrx_word' id='word_1_1' title='bbox 876 290 1089 354; x_wconf 74' lang='lat' dir='ltr'>..qq-</span> 
     </span>
    </p>
   </div>
   <div class='ocr_carea' id='block_1_2' title="bbox 338 461 1667 4550">
    <p class='ocr_par' dir='ltr' id='par_1_2' title="bbox 338 461 1631 1367">
     <span class='ocr_line' id='line_1_2' title="bbox 425 461 1630 545; baseline -0.002 -17"><span class='ocrx_word' id='word_1_2' title='bbox 425 465 469 530; x_wconf 91' lang='lat' dir='ltr'>At</span> <span class='ocrx_word' id='word_1_3' title='bbox 497 465 585 529; x_wconf 90' lang='lat' dir='ltr'>enim</span> <span class='ocrx_word' id='word_1_4' title='bbox 613 464 690 545; x_wconf 91' lang='lat' dir='ltr'>quid</span> <span class='ocrx_word' id='word_1_5' title='bbox 718 463 780 527; x_wconf 91' lang='lat' dir='ltr'>loci</span> <span class='ocrx_word' id='word_1_6' title='bbox 807 463 926 527; x_wconf 89' lang='lat' dir='ltr'>falsum</span> <span class='ocrx_word' id='word_1_7' title='bbox 955 463 1005 540; x_wconf 89' lang='lat' dir='ltr'>sit,</span> <span class='ocrx_word' id='word_1_8' title='bbox 1036 462 1211 526; x_wconf 88' lang='lat' dir='ltr'>diiudicare</span> <span class='ocrx_word' id='word_1_9' title='bbox 1233 461 1363 526; x_wconf 88' lang='lat' dir='ltr'>difficile</span> <span class='ocrx_word' id='word_1_10' title='bbox 1386 465 1444 526; x_wconf 90' lang='lat' dir='ltr'>est.</span> <span class='ocrx_word' id='word_1_11' title='bbox 1489 462 1630 526; x_wconf 89' lang='lat' dir='ltr'>Verbum</span> 
     </span>
     <span class='ocr_line' id='line_1_3' title="bbox 340 564 1629 652; baseline -0.002 -21"><span class='ocrx_word' id='word_1_12' title='bbox 340 568 427 631; x_wconf 89' lang='lat' dir='ltr'>enirn</span> <span class='ocrx_word' id='word_1_13' title='bbox 449 569 564 652; x_wconf 78' lang='grc' dir='ltr'>πολλῷ,</span> <span class='ocrx_word' id='word_1_14' title='bbox 588 567 736 647; x_wconf 90' lang='lat' dir='ltr'>quamvis</span> <span class='ocrx_word' id='word_1_15' title='bbox 755 566 935 630; x_wconf 90' lang='lat' dir='ltr'>absurdum</span> <span class='ocrx_word' id='word_1_16' title='bbox 949 564 1107 641; x_wconf 84' lang='lat' dir='ltr'>videatur,</span> <span class='ocrx_word' id='word_1_17' title='bbox 1128 568 1240 629; x_wconf 90' lang='lat' dir='ltr'>tamen</span> <span class='ocrx_word' id='word_1_18' title='bbox 1256 584 1335 628; x_wconf 89' lang='lat' dir='ltr'>num</span> <span class='ocrx_word' id='word_1_19' title='bbox 1351 565 1470 629; x_wconf 90' lang='lat' dir='ltr'>falsum</span> <span class='ocrx_word' id='word_1_20' title='bbox 1488 564 1539 643; x_wconf 93' lang='lat' dir='ltr'>sit,</span> <span class='ocrx_word' id='word_1_21' title='bbox 1557 565 1629 646; x_wconf 90' lang='lat' dir='ltr'>ipso</span> 
     </span>
     <span class='ocr_line' id='line_1_4' title="bbox 339 667 1630 750; baseline -0.002 -16"><span class='ocrx_word' id='word_1_22' title='bbox 339 671 412 734; x_wconf 92' lang='lat' dir='ltr'>loco</span> <span class='ocrx_word' id='word_1_23' title='bbox 440 670 597 734; x_wconf 84' lang='lat' dir='ltr'>incertum</span> <span class='ocrx_word' id='word_1_24' title='bbox 624 669 824 750; x_wconf 82' lang='lat' dir='ltr'>relinquitur,</span> <span class='ocrx_word' id='word_1_25' title='bbox 855 669 910 750; x_wconf 95' lang='lat' dir='ltr'>qui</span> <span class='ocrx_word' id='word_1_26' title='bbox 939 668 1052 732; x_wconf 84' lang='lat' dir='ltr'>incerti</span> <span class='ocrx_word' id='word_1_27' title='bbox 1078 667 1201 734; x_wconf 87' lang='lat' dir='ltr'>habeat</span> <span class='ocrx_word' id='word_1_28' title='bbox 1228 667 1375 731; x_wconf 89' lang='lat' dir='ltr'>multum.</span> <span class='ocrx_word' id='word_1_29' title='bbox 1419 668 1532 748; x_wconf 91' lang='lat' dir='ltr'>ltaque</span> <span class='ocrx_word' id='word_1_30' title='bbox 1555 673 1630 732; x_wconf 91' lang='lat' dir='ltr'>ante</span> 
     </span>
     <span class='ocr_line' id='line_1_5' title="bbox 340 770 1631 860; baseline 0 -24"><span class='ocrx_word' id='word_1_31' title='bbox 340 773 450 837; x_wconf 92' lang='lat' dir='ltr'>omnia</span> <span class='ocrx_word' id='word_1_32' title='bbox 462 773 684 854; x_wconf 90' lang='lat' dir='ltr'>quaerendum</span> <span class='ocrx_word' id='word_1_33' title='bbox 702 776 760 849; x_wconf 88' lang='lat' dir='ltr'>est,</span> <span class='ocrx_word' id='word_1_34' title='bbox 780 790 859 835; x_wconf 88' lang='lat' dir='ltr'>num</span> <span class='ocrx_word' id='word_1_35' title='bbox 875 771 946 835; x_wconf 92' lang='lat' dir='ltr'>aliis</span> <span class='ocrx_word' id='word_1_36' title='bbox 963 770 1156 834; x_wconf 77' lang='lat' dir='ltr'>testimoniis</span> <span class='ocrx_word' id='word_1_37' title='bbox 1172 771 1273 834; x_wconf 89' lang='lat' dir='ltr'>verba</span> <span class='ocrx_word' id='word_1_38' title='bbox 1292 773 1367 836; x_wconf 85' lang='grc' dir='ltr'><strong>κατὰ</strong></span> <span class='ocrx_word' id='word_1_39' title='bbox 1384 772 1418 836; x_wconf 81' lang='grc' dir='ltr'>δέ</span> <span class='ocrx_word' id='word_1_40' title='bbox 1434 795 1510 844; x_wconf 83' lang='grc' dir='ltr'><strong>τινας</strong></span> <span class='ocrx_word' id='word_1_41' title='bbox 1526 773 1631 860; x_wconf 74' lang='grc' dir='ltr'>πολλῷ</span> 
     </span>
     <span class='ocr_line' id='line_1_6' title="bbox 339 873 1630 963; baseline -0.001 -24"><span class='ocrx_word' id='word_1_42' title='bbox 339 877 534 963; x_wconf 79' lang='grc' dir='ltr'>πρεσβύτερος</span> <span class='ocrx_word' id='word_1_43' title='bbox 568 874 806 939; x_wconf 90' lang='lat' dir='ltr'>confirmentur.</span> <span class='ocrx_word' id='word_1_44' title='bbox 862 873 935 952; x_wconf 86' lang='lat' dir='ltr'>Quo</span> <span class='ocrx_word' id='word_1_45' title='bbox 969 873 1055 937; x_wconf 88' lang='lat' dir='ltr'>facto</span> <span class='ocrx_word' id='word_1_46' title='bbox 1088 873 1249 954; x_wconf 91' lang='lat' dir='ltr'>reliquum</span> <span class='ocrx_word' id='word_1_47' title='bbox 1279 873 1339 937; x_wconf 90' lang='lat' dir='ltr'>erit</span> <span class='ocrx_word' id='word_1_48' title='bbox 1369 877 1405 937; x_wconf 93' lang='lat' dir='ltr'>ut</span> <span class='ocrx_word' id='word_1_49' title='bbox 1436 893 1630 955; x_wconf 85' lang='lat' dir='ltr'>quaeramus</span> 
     </span>
     <span class='ocr_line' id='line_1_7' title="bbox 340 976 1631 1061; baseline 0 -21"><span class='ocrx_word' id='word_1_50' title='bbox 340 978 418 1059; x_wconf 92' lang='lat' dir='ltr'>quid</span> <span class='ocrx_word' id='word_1_51' title='bbox 440 977 502 1042; x_wconf 92' lang='lat' dir='ltr'>sibi</span> <span class='ocrx_word' id='word_1_52' title='bbox 523 978 623 1042; x_wconf 86' lang='lat' dir='ltr'>velint</span> <span class='ocrx_word' id='word_1_53' title='bbox 643 977 743 1041; x_wconf 88' lang='lat' dir='ltr'>verba</span> <span class='ocrx_word' id='word_1_54' title='bbox 765 979 812 1041; x_wconf 83' lang='grc' dir='ltr'>ἐπὶ</span> <span class='ocrx_word' id='word_1_55' title='bbox 833 979 892 1041; x_wconf 78' lang='grc' dir='ltr'>τῶν</span> <span class='ocrx_word' id='word_1_56' title='bbox 915 977 1076 1061; x_wconf 81' lang='grc' dir='ltr'><strong>Περσικῶν,</strong></span> <span class='ocrx_word' id='word_1_57' title='bbox 1098 981 1169 1040; x_wconf 92' lang='lat' dir='ltr'>tum</span> <span class='ocrx_word' id='word_1_58' title='bbox 1185 976 1228 1040; x_wconf 93' lang='lat' dir='ltr'>ad</span> <span class='ocrx_word' id='word_1_59' title='bbox 1244 995 1342 1057; x_wconf 93' lang='lat' dir='ltr'>quem</span> <span class='ocrx_word' id='word_1_60' title='bbox 1362 977 1478 1040; x_wconf 89' lang='lat' dir='ltr'>aetatis</span> <span class='ocrx_word' id='word_1_61' title='bbox 1495 977 1631 1058; x_wconf 90' lang='lat' dir='ltr'>gradum</span> 
     </span>
     <span class='ocr_line' id='line_1_8' title="bbox 339 1075 1631 1163; baseline 0 -19"><span class='ocrx_word' id='word_1_62' title='bbox 339 1080 403 1144; x_wconf 90' lang='lat' dir='ltr'>hoc</span> <span class='ocrx_word' id='word_1_63' title='bbox 424 1080 497 1144; x_wconf 89' lang='lat' dir='ltr'>loco</span> <span class='ocrx_word' id='word_1_64' title='bbox 518 1080 655 1144; x_wconf 89' lang='lat' dir='ltr'>verbum</span> <span class='ocrx_word' id='word_1_65' title='bbox 675 1081 789 1163; x_wconf 76' lang='grc' dir='ltr'>γέγονε,</span> <span class='ocrx_word' id='word_1_66' title='bbox 812 1080 855 1143; x_wconf 89' lang='lat' dir='ltr'>ad</span> <span class='ocrx_word' id='word_1_67' title='bbox 877 1092 975 1160; x_wconf 89' lang='lat' dir='ltr'>quem</span> <span class='ocrx_word' id='word_1_68' title='bbox 991 1078 1128 1142; x_wconf 88' lang='lat' dir='ltr'>verbum</span> <span class='ocrx_word' id='word_1_69' title='bbox 1143 1075 1178 1163; x_wconf 78' lang='grc' dir='ltr'>ἦν</span> <span class='ocrx_word' id='word_1_70' title='bbox 1195 1078 1400 1142; x_wconf 83' lang='lat' dir='ltr'>referendum</span> <span class='ocrx_word' id='word_1_71' title='bbox 1418 1079 1468 1156; x_wconf 93' lang='lat' dir='ltr'>sit,</span> <span class='ocrx_word' id='word_1_72' title='bbox 1492 1079 1631 1160; x_wconf 91' lang='lat' dir='ltr'>denique</span> 
     </span>
     <span class='ocr_line' id='line_1_9' title="bbox 339 1180 1631 1263; baseline 0.001 -17"><span class='ocrx_word' id='word_1_73' title='bbox 339 1202 419 1246; x_wconf 92' lang='lat' dir='ltr'>num</span> <span class='ocrx_word' id='word_1_74' title='bbox 440 1181 516 1246; x_wconf 89' lang='lat' dir='ltr'>huic</span> <span class='ocrx_word' id='word_1_75' title='bbox 537 1182 609 1246; x_wconf 91' lang='lat' dir='ltr'>loco</span> <span class='ocrx_word' id='word_1_76' title='bbox 632 1182 752 1246; x_wconf 86' lang='lat' dir='ltr'>similes</span> <span class='ocrx_word' id='word_1_77' title='bbox 775 1181 863 1263; x_wconf 90' lang='lat' dir='ltr'>apud</span> <span class='ocrx_word' id='word_1_78' title='bbox 880 1180 1016 1245; x_wconf 89' lang='lat' dir='ltr'>Suidam</span> <span class='ocrx_word' id='word_1_79' title='bbox 1038 1180 1251 1259; x_wconf 83' lang='lat' dir='ltr'>inveniantur,</span> <span class='ocrx_word' id='word_1_80' title='bbox 1272 1201 1332 1263; x_wconf 91' lang='lat' dir='ltr'>per</span> <span class='ocrx_word' id='word_1_81' title='bbox 1348 1201 1431 1262; x_wconf 91' lang='lat' dir='ltr'>quos</span> <span class='ocrx_word' id='word_1_82' title='bbox 1448 1182 1631 1247; x_wconf 88' lang='lat' dir='ltr'>existimare</span> 
     </span>
     <span class='ocr_line' id='line_1_10' title="bbox 338 1283 1458 1367; baseline -0.001 -19"><span class='ocrx_word' id='word_1_83' title='bbox 338 1285 434 1350; x_wconf 92' lang='lat' dir='ltr'>liceat</span> <span class='ocrx_word' id='word_1_84' title='bbox 455 1285 563 1349; x_wconf 91' lang='lat' dir='ltr'>locum</span> <span class='ocrx_word' id='word_1_85' title='bbox 586 1286 799 1367; x_wconf 88' lang='lat' dir='ltr'>depravatum</span> <span class='ocrx_word' id='word_1_86' title='bbox 822 1303 893 1347; x_wconf 92' lang='lat' dir='ltr'>esse</span> <span class='ocrx_word' id='word_1_87' title='bbox 915 1283 1026 1347; x_wconf 88' lang='lat' dir='ltr'>verbis</span> <span class='ocrx_word' id='word_1_88' title='bbox 1048 1283 1174 1367; x_wconf 75' lang='grc' dir='ltr'>καὶγὰρ</span> <span class='ocrx_word' id='word_1_89' title='bbox 1197 1284 1306 1364; x_wconf 89' lang='lat' dir='ltr'>inepte</span> <span class='ocrx_word' id='word_1_90' title='bbox 1329 1283 1458 1348; x_wconf 89' lang='lat' dir='ltr'>additis.</span> 
     </span>
    </p>

    <p class='ocr_par' dir='ltr' id='par_1_3' title="bbox 340 1385 1634 2393">
     <span class='ocr_line' id='line_1_11' title="bbox 410 1385 1633 1468; baseline 0 -15"><span class='ocrx_word' id='word_1_91' title='bbox 410 1387 584 1453; x_wconf 83' lang='lat' dir='ltr'>-Confecta</span> <span class='ocrx_word' id='word_1_92' title='bbox 613 1390 723 1452; x_wconf 90' lang='lat' dir='ltr'>autem</span> <span class='ocrx_word' id='word_1_93' title='bbox 753 1387 944 1468; x_wconf 84' lang='lat' dir='ltr'>quaestione</span> <span class='ocrx_word' id='word_1_94' title='bbox 974 1405 1014 1450; x_wconf 92' lang='lat' dir='ltr'>ea</span> <span class='ocrx_word' id='word_1_95' title='bbox 1045 1406 1154 1450; x_wconf 91' lang='lat' dir='ltr'>rerum</span> <span class='ocrx_word' id='word_1_96' title='bbox 1187 1385 1332 1451; x_wconf 92' lang='lat' dir='ltr'>condicio</span> <span class='ocrx_word' id='word_1_97' title='bbox 1364 1387 1434 1464; x_wconf 91' lang='lat' dir='ltr'>erit,</span> <span class='ocrx_word' id='word_1_98' title='bbox 1467 1390 1503 1451; x_wconf 93' lang='lat' dir='ltr'>ut</span> <span class='ocrx_word' id='word_1_99' title='bbox 1532 1389 1633 1453; x_wconf 89' lang='lat' dir='ltr'>verba</span> 
     </span>
     <span class='ocr_line' id='line_1_12' title="bbox 341 1488 1633 1578; baseline 0 -22"><span class='ocrx_word' id='word_1_100' title='bbox 341 1493 416 1556; x_wconf 81' lang='grc' dir='ltr'>κατὰ</span> <span class='ocrx_word' id='word_1_101' title='bbox 439 1492 472 1556; x_wconf 83' lang='grc' dir='ltr'>δέ</span> <span class='ocrx_word' id='word_1_102' title='bbox 494 1512 570 1563; x_wconf 80' lang='grc' dir='ltr'><strong>τινας</strong></span> <span class='ocrx_word' id='word_1_103' title='bbox 592 1495 696 1575; x_wconf 79' lang='grc' dir='ltr'>πολλῷ</span> <span class='ocrx_word' id='word_1_104' title='bbox 713 1491 910 1578; x_wconf 79' lang='grc' dir='ltr'>πρεσβύτερος</span> <span class='ocrx_word' id='word_1_105' title='bbox 932 1489 1003 1552; x_wconf 92' lang='lat' dir='ltr'>aliis</span> <span class='ocrx_word' id='word_1_106' title='bbox 1024 1489 1218 1552; x_wconf 90' lang='lat' dir='ltr'>testimoniis</span> <span class='ocrx_word' id='word_1_107' title='bbox 1237 1488 1429 1554; x_wconf 86' lang='lat' dir='ltr'>confirmata</span> <span class='ocrx_word' id='word_1_108' title='bbox 1445 1491 1633 1572; x_wconf 90' lang='lat' dir='ltr'>accipienda</span> 
     </span>
     <span class='ocr_line' id='line_1_13' title="bbox 341 1591 1633 1676; baseline 0.001 -19"><span class='ocrx_word' id='word_1_109' title='bbox 341 1594 414 1670; x_wconf 89' lang='lat' dir='ltr'>sint,</span> <span class='ocrx_word' id='word_1_110' title='bbox 447 1597 484 1657; x_wconf 92' lang='lat' dir='ltr'>ut</span> <span class='ocrx_word' id='word_1_111' title='bbox 516 1594 617 1657; x_wconf 90' lang='lat' dir='ltr'>verba</span> <span class='ocrx_word' id='word_1_112' title='bbox 647 1595 694 1656; x_wconf 85' lang='grc' dir='ltr'>ἐπὶ</span> <span class='ocrx_word' id='word_1_113' title='bbox 726 1595 783 1657; x_wconf 82' lang='grc' dir='ltr'>τῶν</span> <span class='ocrx_word' id='word_1_114' title='bbox 813 1594 967 1676; x_wconf 79' lang='grc' dir='ltr'>Περσικῶν</span> <span class='ocrx_word' id='word_1_115' title='bbox 1000 1592 1043 1655; x_wconf 98' lang='lat' dir='ltr'>ad</span> <span class='ocrx_word' id='word_1_116' title='bbox 1071 1591 1196 1655; x_wconf 91' lang='lat' dir='ltr'>nullum</span> <span class='ocrx_word' id='word_1_117' title='bbox 1226 1591 1314 1655; x_wconf 92' lang='lat' dir='ltr'>aliud</span> <span class='ocrx_word' id='word_1_118' title='bbox 1342 1596 1472 1674; x_wconf 88' lang='lat' dir='ltr'>tempus</span> <span class='ocrx_word' id='word_1_119' title='bbox 1499 1594 1560 1657; x_wconf 89' lang='lat' dir='ltr'>nisi</span> <span class='ocrx_word' id='word_1_120' title='bbox 1590 1595 1633 1658; x_wconf 92' lang='lat' dir='ltr'>ad</span> 
     </span>
     <span class='ocr_line' id='line_1_14' title="bbox 340 1694 1632 1779; baseline 0.003 -21"><span class='ocrx_word' id='word_1_121' title='bbox 340 1696 454 1759; x_wconf 84' lang='lat' dir='ltr'>Xerxis</span> <span class='ocrx_word' id='word_1_122' title='bbox 478 1695 718 1777; x_wconf 79' lang='lat' dir='ltr'>expeditionem</span> <span class='ocrx_word' id='word_1_123' title='bbox 740 1694 782 1758; x_wconf 91' lang='lat' dir='ltr'>ol.</span> <span class='ocrx_word' id='word_1_124' title='bbox 805 1696 846 1760; x_wconf 88' lang='lat'>75</span> <span class='ocrx_word' id='word_1_125' title='bbox 869 1694 991 1762; x_wconf 83' lang='lat' dir='ltr'>factam</span> <span class='ocrx_word' id='word_1_126' title='bbox 1013 1694 1124 1758; x_wconf 84' lang='lat' dir='ltr'>referri</span> <span class='ocrx_word' id='word_1_127' title='bbox 1146 1694 1283 1776; x_wconf 87' lang='lat' dir='ltr'>possint,</span> <span class='ocrx_word' id='word_1_128' title='bbox 1313 1699 1349 1758; x_wconf 91' lang='lat' dir='ltr'>ut</span> <span class='ocrx_word' id='word_1_129' title='bbox 1371 1697 1507 1759; x_wconf 85' lang='lat' dir='ltr'>verbum</span> <span class='ocrx_word' id='word_1_130' title='bbox 1529 1699 1632 1779; x_wconf 73' lang='grc' dir='ltr'>γέγονε</span> 
     </span>
     <span class='ocr_line' id='line_1_15' title="bbox 341 1794 1633 1881; baseline 0.002 -19"><span class='ocrx_word' id='word_1_131' title='bbox 341 1799 403 1862; x_wconf 92' lang='lat' dir='ltr'>hoc</span> <span class='ocrx_word' id='word_1_132' title='bbox 425 1799 497 1862; x_wconf 92' lang='lat' dir='ltr'>loco</span> <span class='ocrx_word' id='word_1_133' title='bbox 520 1798 563 1862; x_wconf 93' lang='lat' dir='ltr'>ad</span> <span class='ocrx_word' id='word_1_134' title='bbox 585 1817 707 1862; x_wconf 91' lang='lat' dir='ltr'>annum</span> <span class='ocrx_word' id='word_1_135' title='bbox 724 1797 878 1875; x_wconf 88' lang='lat' dir='ltr'>natalem,</span> <span class='ocrx_word' id='word_1_136' title='bbox 900 1798 1037 1862; x_wconf 90' lang='lat' dir='ltr'>verbum</span> <span class='ocrx_word' id='word_1_137' title='bbox 1053 1794 1087 1881; x_wconf 81' lang='grc' dir='ltr'>ἦν</span> <span class='ocrx_word' id='word_1_138' title='bbox 1103 1797 1146 1861; x_wconf 89' lang='lat' dir='ltr'>ad</span> <span class='ocrx_word' id='word_1_139' title='bbox 1163 1797 1280 1861; x_wconf 87' lang='lat' dir='ltr'>aetatis</span> <span class='ocrx_word' id='word_1_140' title='bbox 1296 1797 1411 1862; x_wconf 81' lang='lat' dir='ltr'>florem</span> <span class='ocrx_word' id='word_1_141' title='bbox 1427 1799 1633 1865; x_wconf 86' lang='lat' dir='ltr'>referendum</span> 
     </span>
     <span class='ocr_line' id='line_1_16' title="bbox 341 1899 1634 1982; baseline 0.002 -18"><span class='ocrx_word' id='word_1_142' title='bbox 341 1901 391 1978; x_wconf 89' lang='lat' dir='ltr'>sit,</span> <span class='ocrx_word' id='word_1_143' title='bbox 415 1905 451 1966; x_wconf 90' lang='lat' dir='ltr'>ut</span> <span class='ocrx_word' id='word_1_144' title='bbox 472 1901 582 1982; x_wconf 90' lang='lat' dir='ltr'>inepte</span> <span class='ocrx_word' id='word_1_145' title='bbox 599 1900 642 1965; x_wconf 92' lang='lat' dir='ltr'>ab</span> <span class='ocrx_word' id='word_1_146' title='bbox 662 1900 893 1982; x_wconf 82' lang='lat' dir='ltr'>interpolatore</span> <span class='ocrx_word' id='word_1_147' title='bbox 910 1901 1018 1981; x_wconf 89' lang='lat' dir='ltr'>aliquo</span> <span class='ocrx_word' id='word_1_148' title='bbox 1035 1920 1152 1982; x_wconf 90' lang='lat' dir='ltr'>parum</span> <span class='ocrx_word' id='word_1_149' title='bbox 1168 1899 1265 1963; x_wconf 91' lang='lat' dir='ltr'>docto</span> <span class='ocrx_word' id='word_1_150' title='bbox 1281 1919 1320 1964; x_wconf 89' lang='lat' dir='ltr'>ac</span> <span class='ocrx_word' id='word_1_151' title='bbox 1335 1901 1517 1982; x_wconf 82' lang='lat' dir='ltr'>neglegenti</span> <span class='ocrx_word' id='word_1_152' title='bbox 1533 1904 1634 1968; x_wconf 89' lang='lat' dir='ltr'>verba</span> 
     </span>
     <span class='ocr_line' id='line_1_17' title="bbox 341 1990 1634 2089; baseline 0.002 -22"><span class='ocrx_word' id='word_1_153' title='bbox 341 2006 390 2068; x_wconf 81' lang='grc' dir='ltr'>καὶ</span> <span class='ocrx_word' id='word_1_154' title='bbox 411 2003 468 2089; x_wconf 75' lang='grc' dir='ltr'>γάρ</span> <span class='ocrx_word' id='word_1_155' title='bbox 497 2003 609 2068; x_wconf 89' lang='lat' dir='ltr'>addita</span> <span class='ocrx_word' id='word_1_156' title='bbox 636 2004 708 2081; x_wconf 89' lang='lat' dir='ltr'>sint,</span> <span class='ocrx_word' id='word_1_157' title='bbox 739 2004 857 2085; x_wconf 89' lang='lat' dir='ltr'>quibus</span> <span class='ocrx_word' id='word_1_158' title='bbox 879 2004 980 2068; x_wconf 89' lang='lat' dir='ltr'>verba</span> <span class='ocrx_word' id='word_1_159' title='bbox 1002 2003 1154 2067; x_wconf 90' lang='lat' dir='ltr'>addenda</span> <span class='ocrx_word' id='word_1_160' title='bbox 1176 1990 1211 2087; x_wconf 80' lang='grc' dir='ltr'>ἦν</span> <span class='ocrx_word' id='word_1_161' title='bbox 1234 2005 1281 2068; x_wconf 82' lang='grc' dir='ltr'>ἐπὶ</span> <span class='ocrx_word' id='word_1_162' title='bbox 1302 2007 1361 2068; x_wconf 82' lang='grc' dir='ltr'>τῶν</span> <span class='ocrx_word' id='word_1_163' title='bbox 1384 2004 1537 2089; x_wconf 77' lang='grc' dir='ltr'>Περσικῶν</span> <span class='ocrx_word' id='word_1_164' title='bbox 1560 2027 1634 2070; x_wconf 90' lang='lat' dir='ltr'>cum</span> 
     </span>
     <span class='ocr_line' id='line_1_18' title="bbox 342 2105 1634 2188; baseline 0.002 -18"><span class='ocrx_word' id='word_1_165' title='bbox 342 2108 388 2171; x_wconf 92' lang='lat' dir='ltr'>eis</span> <span class='ocrx_word' id='word_1_166' title='bbox 411 2127 495 2188; x_wconf 92' lang='lat' dir='ltr'>quae</span> <span class='ocrx_word' id='word_1_167' title='bbox 518 2107 714 2171; x_wconf 90' lang='lat' dir='ltr'>antecedunt</span> <span class='ocrx_word' id='word_1_168' title='bbox 737 2107 1015 2188; x_wconf 89' lang='lat' dir='ltr'>coniungerentur.</span> <span class='ocrx_word' id='word_1_169' title='bbox 1060 2105 1144 2170; x_wconf 88' lang='lat' dir='ltr'>Nam</span> <span class='ocrx_word' id='word_1_170' title='bbox 1166 2106 1371 2186; x_wconf 90' lang='lat' dir='ltr'>reperiuntur</span> <span class='ocrx_word' id='word_1_171' title='bbox 1393 2108 1481 2187; x_wconf 89' lang='lat' dir='ltr'>apud</span> <span class='ocrx_word' id='word_1_172' title='bbox 1498 2109 1634 2173; x_wconf 89' lang='lat' dir='ltr'>Suidam</span> 
     </span>
     <span class='ocr_line' id='line_1_19' title="bbox 340 2209 1634 2291; baseline 0.002 -17"><span class='ocrx_word' id='word_1_173' title='bbox 340 2209 434 2274; x_wconf 92' lang='lat' dir='ltr'>multi</span> <span class='ocrx_word' id='word_1_174' title='bbox 470 2209 510 2272; x_wconf 89' lang='lat' dir='ltr'>de</span> <span class='ocrx_word' id='word_1_175' title='bbox 546 2212 653 2274; x_wconf 91' lang='lat' dir='ltr'>aetate</span> <span class='ocrx_word' id='word_1_176' title='bbox 687 2209 764 2288; x_wconf 91' lang='lat' dir='ltr'>loci,</span> <span class='ocrx_word' id='word_1_177' title='bbox 801 2210 856 2291; x_wconf 93' lang='lat' dir='ltr'>qui</span> <span class='ocrx_word' id='word_1_178' title='bbox 886 2230 904 2274; x_wconf 92' lang='lat' dir='ltr'>e</span> <span class='ocrx_word' id='word_1_179' title='bbox 935 2210 1073 2274; x_wconf 90' lang='lat' dir='ltr'>duorum</span> <span class='ocrx_word' id='word_1_180' title='bbox 1101 2212 1270 2273; x_wconf 89' lang='lat' dir='ltr'>auctorum</span> <span class='ocrx_word' id='word_1_181' title='bbox 1296 2209 1491 2274; x_wconf 91' lang='lat' dir='ltr'>testimoniis</span> <span class='ocrx_word' id='word_1_182' title='bbox 1519 2211 1634 2276; x_wconf 87' lang='lat' dir='ltr'>vitiose</span> 
     </span>
     <span class='ocr_line' id='line_1_20' title="bbox 342 2312 611 2393; baseline -0.007 -16"><span class='ocrx_word' id='word_1_183' title='bbox 342 2312 514 2393; x_wconf 84' lang='lat' dir='ltr'>compositi</span> <span class='ocrx_word' id='word_1_184' title='bbox 537 2312 611 2376; x_wconf 84' lang='lat' dir='ltr'>sint.</span> 
     </span>
    </p>

    <p class='ocr_par' dir='ltr' id='par_1_4' title="bbox 341 2415 1635 2906">
     <span class='ocr_line' id='line_1_21' title="bbox 428 2415 1635 2498; baseline 0.004 -21"><span class='ocrx_word' id='word_1_185' title='bbox 428 2415 565 2478; x_wconf 89' lang='lat' dir='ltr'>Multum</span> <span class='ocrx_word' id='word_1_186' title='bbox 595 2415 673 2495; x_wconf 91' lang='lat' dir='ltr'>quin</span> <span class='ocrx_word' id='word_1_187' title='bbox 703 2415 787 2479; x_wconf 91' lang='lat' dir='ltr'>inter</span> <span class='ocrx_word' id='word_1_188' title='bbox 816 2434 852 2478; x_wconf 90' lang='lat' dir='ltr'>se</span> <span class='ocrx_word' id='word_1_189' title='bbox 880 2416 1030 2495; x_wconf 91' lang='lat' dir='ltr'>tempora</span> <span class='ocrx_word' id='word_1_190' title='bbox 1057 2415 1187 2493; x_wconf 89' lang='lat' dir='ltr'>distent,</span> <span class='ocrx_word' id='word_1_191' title='bbox 1217 2415 1250 2479; x_wconf 92' lang='lat' dir='ltr'>in</span> <span class='ocrx_word' id='word_1_192' title='bbox 1280 2415 1396 2496; x_wconf 90' lang='lat' dir='ltr'>quibus</span> <span class='ocrx_word' id='word_1_193' title='bbox 1418 2416 1591 2498; x_wconf 88' lang='lat' dir='ltr'>Panyassis</span> <span class='ocrx_word' id='word_1_194' title='bbox 1614 2437 1635 2482; x_wconf 92' lang='lat' dir='ltr'>a</span> 
     </span>
     <span class='ocr_line' id='line_1_22' title="bbox 341 2516 1635 2600; baseline 0.002 -20"><span class='ocrx_word' id='word_1_195' title='bbox 341 2516 505 2580; x_wconf 85' lang='lat' dir='ltr'>veteribus</span> <span class='ocrx_word' id='word_1_196' title='bbox 532 2517 659 2598; x_wconf 89' lang='lat' dir='ltr'>positus</span> <span class='ocrx_word' id='word_1_197' title='bbox 686 2520 744 2595; x_wconf 88' lang='lat' dir='ltr'>est,</span> <span class='ocrx_word' id='word_1_198' title='bbox 780 2516 920 2581; x_wconf 88' lang='lat' dir='ltr'>dubitari</span> <span class='ocrx_word' id='word_1_199' title='bbox 949 2516 1071 2597; x_wconf 88' lang='lat' dir='ltr'>nequit.</span> <span class='ocrx_word' id='word_1_200' title='bbox 1124 2518 1216 2596; x_wconf 86' lang='lat' dir='ltr'>Quae</span> <span class='ocrx_word' id='word_1_201' title='bbox 1243 2519 1330 2582; x_wconf 91' lang='lat' dir='ltr'>enim</span> <span class='ocrx_word' id='word_1_202' title='bbox 1360 2519 1401 2582; x_wconf 89' lang='lat' dir='ltr'>de</span> <span class='ocrx_word' id='word_1_203' title='bbox 1428 2518 1635 2600; x_wconf 89' lang='lat' dir='ltr'>Panyassidis</span> 
     </span>
     <span class='ocr_line' id='line_1_23' title="bbox 343 2618 1635 2703; baseline 0.003 -21"><span class='ocrx_word' id='word_1_204' title='bbox 343 2623 450 2683; x_wconf 89' lang='lat' dir='ltr'>aetate</span> <span class='ocrx_word' id='word_1_205' title='bbox 473 2619 562 2699; x_wconf 90' lang='lat' dir='ltr'>apud</span> <span class='ocrx_word' id='word_1_206' title='bbox 582 2623 708 2683; x_wconf 90' lang='lat' dir='ltr'>veteres</span> <span class='ocrx_word' id='word_1_207' title='bbox 731 2619 889 2683; x_wconf 89' lang='lat' dir='ltr'>dissensio</span> <span class='ocrx_word' id='word_1_208' title='bbox 912 2618 1023 2697; x_wconf 83' lang='lat' dir='ltr'>fuerit,</span> <span class='ocrx_word' id='word_1_209' title='bbox 1041 2619 1226 2684; x_wconf 83' lang='lat' dir='ltr'>etiamnunc</span> <span class='ocrx_word' id='word_1_210' title='bbox 1247 2620 1325 2684; x_wconf 93' lang='lat' dir='ltr'>satis</span> <span class='ocrx_word' id='word_1_211' title='bbox 1346 2620 1553 2703; x_wconf 91' lang='lat' dir='ltr'>perspicuum</span> <span class='ocrx_word' id='word_1_212' title='bbox 1575 2627 1635 2686; x_wconf 86' lang='lat' dir='ltr'>est.</span> 
     </span>
     <span class='ocr_line' id='line_1_24' title="bbox 342 2721 1635 2804; baseline 0.003 -19"><span class='ocrx_word' id='word_1_213' title='bbox 342 2722 391 2786; x_wconf 88' lang='lat' dir='ltr'>Ac</span> <span class='ocrx_word' id='word_1_214' title='bbox 413 2721 540 2786; x_wconf 89' lang='lat' dir='ltr'>duabus</span> <span class='ocrx_word' id='word_1_215' title='bbox 562 2725 690 2786; x_wconf 89' lang='lat' dir='ltr'>tantum</span> <span class='ocrx_word' id='word_1_216' title='bbox 712 2722 745 2784; x_wconf 95' lang='lat' dir='ltr'>in</span> <span class='ocrx_word' id='word_1_217' title='bbox 767 2722 973 2804; x_wconf 87' lang='lat' dir='ltr'>opinionibus</span> <span class='ocrx_word' id='word_1_218' title='bbox 996 2722 1155 2787; x_wconf 85' lang='lat' dir='ltr'>dissensio</span> <span class='ocrx_word' id='word_1_219' title='bbox 1178 2726 1333 2787; x_wconf 90' lang='lat' dir='ltr'>versatur.</span> <span class='ocrx_word' id='word_1_220' title='bbox 1371 2723 1516 2788; x_wconf 91' lang='lat' dir='ltr'>Tertiam</span> <span class='ocrx_word' id='word_1_221' title='bbox 1537 2744 1635 2789; x_wconf 89' lang='lat' dir='ltr'>nemo</span> 
     </span>
     <span class='ocr_line' id='line_1_25' title="bbox 341 2825 785 2906; baseline -0.002 -17"><span class='ocrx_word' id='word_1_222' title='bbox 341 2825 485 2906; x_wconf 90' lang='lat' dir='ltr'>protulit.</span> <span class='ocrx_word' id='word_1_223' title='bbox 603 2839 605 2843; x_wconf 87' lang='grc'><em>·</em></span> <span class='ocrx_word' id='word_1_224' title='bbox 780 2894 785 2902; x_wconf 62' lang='grc'>,</span> 
     </span>
    </p>

    <p class='ocr_par' dir='ltr' id='par_1_5' title="bbox 342 2927 1635 3523">
     <span class='ocr_line' id='line_1_26' title="bbox 428 2927 1635 3011; baseline 0.002 -19"><span class='ocrx_word' id='word_1_225' title='bbox 428 2927 602 3009; x_wconf 89' lang='lat' dir='ltr'>Utriusque</span> <span class='ocrx_word' id='word_1_226' title='bbox 634 2928 795 3010; x_wconf 89' lang='lat' dir='ltr'>opinionis</span> <span class='ocrx_word' id='word_1_227' title='bbox 825 2929 1012 2993; x_wconf 89' lang='lat' dir='ltr'>testimonia</span> <span class='ocrx_word' id='word_1_228' title='bbox 1044 2933 1172 2993; x_wconf 88' lang='lat' dir='ltr'>exstant</span> <span class='ocrx_word' id='word_1_229' title='bbox 1203 2929 1379 3011; x_wconf 89' lang='lat' dir='ltr'>complura.</span> <span class='ocrx_word' id='word_1_230' title='bbox 1440 2930 1586 3008; x_wconf 83' lang='lat' dir='ltr'>Quorum</span> <span class='ocrx_word' id='word_1_231' title='bbox 1616 2951 1635 2995; x_wconf 93' lang='lat' dir='ltr'>e</span> 
     </span>
     <span class='ocr_line' id='line_1_27' title="bbox 342 3031 1634 3112; baseline 0.001 -17"><span class='ocrx_word' id='word_1_232' title='bbox 342 3051 478 3095; x_wconf 90' lang='lat' dir='ltr'>numero</span> <span class='ocrx_word' id='word_1_233' title='bbox 495 3031 560 3094; x_wconf 91' lang='lat' dir='ltr'>duo</span> <span class='ocrx_word' id='word_1_234' title='bbox 576 3050 662 3095; x_wconf 91' lang='lat' dir='ltr'>nunc</span> <span class='ocrx_word' id='word_1_235' title='bbox 678 3031 835 3095; x_wconf 91' lang='lat' dir='ltr'>sumimus</span> <span class='ocrx_word' id='word_1_236' title='bbox 851 3032 935 3094; x_wconf 92' lang='lat' dir='ltr'>inter</span> <span class='ocrx_word' id='word_1_237' title='bbox 950 3051 986 3094; x_wconf 90' lang='lat' dir='ltr'>se</span> <span class='ocrx_word' id='word_1_238' title='bbox 1002 3031 1172 3108; x_wconf 90' lang='lat' dir='ltr'>contraria,</span> <span class='ocrx_word' id='word_1_239' title='bbox 1193 3051 1211 3095; x_wconf 89' lang='lat' dir='ltr'>e</span> <span class='ocrx_word' id='word_1_240' title='bbox 1228 3031 1345 3112; x_wconf 90' lang='lat' dir='ltr'>quihus</span> <span class='ocrx_word' id='word_1_241' title='bbox 1363 3032 1634 3111; x_wconf 67' lang='lat' dir='ltr'>demonstremus</span> 
     </span>
     <span class='ocr_line' id='line_1_28' title="bbox 343 3132 1634 3215; baseline 0.001 -17"><span class='ocrx_word' id='word_1_242' title='bbox 343 3137 502 3215; x_wconf 87' lang='lat' dir='ltr'>quantum</span> <span class='ocrx_word' id='word_1_243' title='bbox 525 3133 721 3196; x_wconf 89' lang='lat' dir='ltr'>distantibus</span> <span class='ocrx_word' id='word_1_244' title='bbox 743 3132 916 3215; x_wconf 88' lang='lat' dir='ltr'>Panyassis</span> <span class='ocrx_word' id='word_1_245' title='bbox 939 3133 1027 3213; x_wconf 90' lang='lat' dir='ltr'>apud</span> <span class='ocrx_word' id='word_1_246' title='bbox 1048 3137 1174 3197; x_wconf 91' lang='lat' dir='ltr'>veteres</span> <span class='ocrx_word' id='word_1_247' title='bbox 1197 3134 1359 3198; x_wconf 88' lang='lat' dir='ltr'>aetatibus</span> <span class='ocrx_word' id='word_1_248' title='bbox 1386 3135 1559 3199; x_wconf 90' lang='lat' dir='ltr'>attributus</span> <span class='ocrx_word' id='word_1_249' title='bbox 1582 3136 1634 3214; x_wconf 85' lang='lat' dir='ltr'>sit,</span> 
     </span>
     <span class='ocr_line' id='line_1_29' title="bbox 343 3235 1635 3322; baseline 0.002 -23"><span class='ocrx_word' id='word_1_250' title='bbox 343 3236 486 3318; x_wconf 91' lang='lat' dir='ltr'>quidque</span> <span class='ocrx_word' id='word_1_251' title='bbox 509 3235 550 3299; x_wconf 89' lang='lat' dir='ltr'>de</span> <span class='ocrx_word' id='word_1_252' title='bbox 572 3236 747 3300; x_wconf 88' lang='lat' dir='ltr'>verborum</span> <span class='ocrx_word' id='word_1_253' title='bbox 770 3239 874 3322; x_wconf 79' lang='grc' dir='ltr'>πολλῷ</span> <span class='ocrx_word' id='word_1_254' title='bbox 896 3237 1092 3320; x_wconf 77' lang='grc' dir='ltr'>πρεσβύτερος</span> <span class='ocrx_word' id='word_1_255' title='bbox 1114 3235 1179 3299; x_wconf 86' lang='lat' dir='ltr'>fide</span> <span class='ocrx_word' id='word_1_256' title='bbox 1202 3235 1244 3299; x_wconf 93' lang='lat' dir='ltr'>sit</span> <span class='ocrx_word' id='word_1_257' title='bbox 1265 3236 1484 3301; x_wconf 90' lang='lat' dir='ltr'>iudicandum.</span> <span class='ocrx_word' id='word_1_258' title='bbox 1528 3238 1635 3302; x_wconf 86' lang='lat' dir='ltr'>Testi-</span> 
     </span>
     <span class='ocr_line' id='line_1_30' title="bbox 343 3337 1634 3419; baseline 0.002 -17"><span class='ocrx_word' id='word_1_259' title='bbox 343 3339 489 3403; x_wconf 91' lang='lat' dir='ltr'>monium</span> <span class='ocrx_word' id='word_1_260' title='bbox 518 3337 656 3402; x_wconf 89' lang='lat' dir='ltr'>alterum</span> <span class='ocrx_word' id='word_1_261' title='bbox 686 3341 735 3402; x_wconf 90' lang='lat' dir='ltr'>est</span> <span class='ocrx_word' id='word_1_262' title='bbox 764 3338 806 3402; x_wconf 93' lang='lat' dir='ltr'>de</span> <span class='ocrx_word' id='word_1_263' title='bbox 833 3337 1041 3419; x_wconf 88' lang='lat' dir='ltr'>Panyassidis</span> <span class='ocrx_word' id='word_1_264' title='bbox 1067 3357 1163 3414; x_wconf 90' lang='lat' dir='ltr'>nece,</span> <span class='ocrx_word' id='word_1_265' title='bbox 1200 3339 1338 3418; x_wconf 91' lang='lat' dir='ltr'>alterum</span> <span class='ocrx_word' id='word_1_266' title='bbox 1369 3339 1410 3404; x_wconf 91' lang='lat' dir='ltr'>de</span> <span class='ocrx_word' id='word_1_267' title='bbox 1438 3340 1634 3405; x_wconf 88' lang='lat' dir='ltr'>Antimacho</span> 
     </span>
     <span class='ocr_line' id='line_1_31' title="bbox 342 3441 677 3523; baseline -0.006 -17"><span class='ocrx_word' id='word_1_268' title='bbox 342 3441 550 3523; x_wconf 86' lang='lat' dir='ltr'>Panyassidis</span> <span class='ocrx_word' id='word_1_269' title='bbox 574 3459 677 3504; x_wconf 89' lang='lat' dir='ltr'>servo.</span> 
     </span>
    </p>

    <p class='ocr_par' dir='ltr' id='par_1_6' title="bbox 342 3543 1667 4247">
     <span class='ocr_line' id='line_1_32' title="bbox 429 3543 1635 3628; baseline 0.002 -21"><span class='ocrx_word' id='word_1_270' title='bbox 429 3543 602 3624; x_wconf 89' lang='lat' dir='ltr'>Incipimus</span> <span class='ocrx_word' id='word_1_271' title='bbox 624 3543 667 3607; x_wconf 89' lang='lat' dir='ltr'>ab</span> <span class='ocrx_word' id='word_1_272' title='bbox 690 3543 753 3606; x_wconf 92' lang='lat' dir='ltr'>hoc</span> <span class='ocrx_word' id='word_1_273' title='bbox 769 3543 966 3620; x_wconf 84' lang='lat' dir='ltr'>testimonie,</span> <span class='ocrx_word' id='word_1_274' title='bbox 990 3543 1078 3624; x_wconf 95' lang='lat' dir='ltr'>quod</span> <span class='ocrx_word' id='word_1_275' title='bbox 1097 3543 1158 3607; x_wconf 93' lang='lat' dir='ltr'>etsi</span> <span class='ocrx_word' id='word_1_276' title='bbox 1177 3560 1243 3607; x_wconf 89' lang='lat' dir='ltr'>non</span> <span class='ocrx_word' id='word_1_277' title='bbox 1261 3543 1400 3608; x_wconf 86' lang='lat' dir='ltr'>traditur</span> <span class='ocrx_word' id='word_1_278' title='bbox 1417 3545 1494 3626; x_wconf 89' lang='lat' dir='ltr'>quin</span> <span class='ocrx_word' id='word_1_279' title='bbox 1512 3547 1635 3628; x_wconf 91' lang='lat' dir='ltr'>impro-</span> 
     </span>
     <span class='ocr_line' id='line_1_33' title="bbox 342 3646 1636 3729; baseline 0.001 -18"><span class='ocrx_word' id='word_1_280' title='bbox 342 3647 438 3711; x_wconf 89' lang='lat' dir='ltr'>betur</span> <span class='ocrx_word' id='word_1_281' title='bbox 461 3666 499 3711; x_wconf 91' lang='lat' dir='ltr'>ac</span> <span class='ocrx_word' id='word_1_282' title='bbox 522 3646 713 3728; x_wconf 82' lang='lat' dir='ltr'>corrigatur,</span> <span class='ocrx_word' id='word_1_283' title='bbox 742 3651 854 3710; x_wconf 91' lang='lat' dir='ltr'>tamen</span> <span class='ocrx_word' id='word_1_284' title='bbox 875 3649 1054 3710; x_wconf 85' lang='lat' dir='ltr'>correctum</span> <span class='ocrx_word' id='word_1_285' title='bbox 1076 3646 1214 3711; x_wconf 89' lang='lat' dir='ltr'>eandem</span> <span class='ocrx_word' id='word_1_286' title='bbox 1237 3646 1278 3710; x_wconf 90' lang='lat' dir='ltr'>de</span> <span class='ocrx_word' id='word_1_287' title='bbox 1300 3646 1505 3729; x_wconf 89' lang='lat' dir='ltr'>Panyassidis</span> <span class='ocrx_word' id='word_1_288' title='bbox 1528 3652 1636 3712; x_wconf 90' lang='lat' dir='ltr'>aetate</span> 
     </span>
     <span class='ocr_line' id='line_1_34' title="bbox 344 3748 1667 3831; baseline 0.002 -18"><span class='ocrx_word' id='word_1_289' title='bbox 344 3749 530 3831; x_wconf 90' lang='lat' dir='ltr'>opinionem</span> <span class='ocrx_word' id='word_1_290' title='bbox 552 3748 689 3830; x_wconf 90' lang='lat' dir='ltr'>praebet</span> <span class='ocrx_word' id='word_1_291' title='bbox 712 3768 811 3830; x_wconf 91' lang='lat' dir='ltr'>quarn</span> <span class='ocrx_word' id='word_1_292' title='bbox 827 3749 1058 3830; x_wconf 91' lang='lat' dir='ltr'>improbatum,</span> <span class='ocrx_word' id='word_1_293' title='bbox 1081 3749 1169 3812; x_wconf 91' lang='lat' dir='ltr'>unde</span> <span class='ocrx_word' id='word_1_294' title='bbox 1186 3753 1324 3830; x_wconf 90' lang='lat' dir='ltr'>apparet</span> <span class='ocrx_word' id='word_1_295' title='bbox 1340 3769 1438 3830; x_wconf 93' lang='lat' dir='ltr'>quam</span> <span class='ocrx_word' id='word_1_296' title='bbox 1456 3750 1635 3815; x_wconf 87' lang='lat' dir='ltr'>inveterata</span> <span class='ocrx_word' id='word_1_297' title='bbox 1663 3810 1667 3816; x_wconf 87' lang='lat'>.</span> 
     </span>
     <span class='ocr_line' id='line_1_35' title="bbox 343 3851 1635 3933; baseline 0.001 -18"><span class='ocrx_word' id='word_1_298' title='bbox 343 3852 397 3915; x_wconf 94' lang='lat' dir='ltr'>illa</span> <span class='ocrx_word' id='word_1_299' title='bbox 431 3851 540 3931; x_wconf 91' lang='lat' dir='ltr'>opinio</span> <span class='ocrx_word' id='word_1_300' title='bbox 573 3852 679 3916; x_wconf 90' lang='lat' dir='ltr'>fuerit.</span> <span class='ocrx_word' id='word_1_301' title='bbox 730 3853 834 3917; x_wconf 90' lang='lat' dir='ltr'>Locus</span> <span class='ocrx_word' id='word_1_302' title='bbox 864 3852 952 3933; x_wconf 94' lang='lat' dir='ltr'>apud</span> <span class='ocrx_word' id='word_1_303' title='bbox 983 3851 1119 3915; x_wconf 89' lang='lat' dir='ltr'>Suidam</span> <span class='ocrx_word' id='word_1_304' title='bbox 1149 3871 1174 3915; x_wconf 79' lang='lat' dir='ltr'>s</span> <span class='ocrx_word' id='word_1_305' title='bbox 1197 3871 1226 3914; x_wconf 89' lang='lat' dir='ltr'>v.</span> <span class='ocrx_word' id='word_1_306' title='bbox 1249 3851 1436 3915; x_wconf 86' lang='lat' dir='ltr'>Antimachi</span> <span class='ocrx_word' id='word_1_307' title='bbox 1464 3853 1635 3917; x_wconf 88' lang='lat' dir='ltr'>invenitur.</span> 
     </span>
     <span class='ocr_line' id='line_1_36' title="bbox 343 3947 1636 4042; baseline 0.001 -25"><span class='ocrx_word' id='word_1_308' title='bbox 343 3955 452 4018; x_wconf 90' lang='lat' dir='ltr'>Verba</span> <span class='ocrx_word' id='word_1_309' title='bbox 473 3954 556 4018; x_wconf 84' lang='lat' dir='ltr'>haec</span> <span class='ocrx_word' id='word_1_310' title='bbox 577 3960 666 4019; x_wconf 85' lang='lat' dir='ltr'>sunt:</span> <span class='ocrx_word' id='word_1_311' title='bbox 696 3958 769 4028; x_wconf 83' lang='grc' dir='ltr'><strong>τινὲς</strong></span> <span class='ocrx_word' id='word_1_312' title='bbox 792 3958 825 4021; x_wconf 83' lang='grc' dir='ltr'>δὲ</span> <span class='ocrx_word' id='word_1_313' title='bbox 848 3959 897 4021; x_wconf 83' lang='grc' dir='ltr'>καὶ</span> <span class='ocrx_word' id='word_1_314' title='bbox 920 3956 1035 4038; x_wconf 81' lang='grc' dir='ltr'>οἰκέτην</span> <span class='ocrx_word' id='word_1_315' title='bbox 1058 3955 1145 4018; x_wconf 80' lang='grc' dir='ltr'><strong>αὐτὸν</strong></span> <span class='ocrx_word' id='word_1_316' title='bbox 1170 3947 1361 4040; x_wconf 78' lang='grc' dir='ltr'><strong>(Αντίμαχον)</strong></span> <span class='ocrx_word' id='word_1_317' title='bbox 1385 3948 1553 4042; x_wconf 74' lang='grc' dir='ltr'><strong>ἀνέγραψαν</strong></span> <span class='ocrx_word' id='word_1_318' title='bbox 1575 3957 1636 4020; x_wconf 88' lang='grc' dir='ltr'>Πα-</span> 
     </span>
     <span class='ocr_line' id='line_1_37' title="bbox 343 4053 1637 4144; baseline 0.001 -23"><span class='ocrx_word' id='word_1_319' title='bbox 343 4055 476 4128; x_wconf 80' lang='grc' dir='ltr'>νοάοιδος</span> <span class='ocrx_word' id='word_1_320' title='bbox 513 4063 564 4122; x_wconf 79' lang='grc' dir='ltr'>τοῦ</span> <span class='ocrx_word' id='word_1_321' title='bbox 598 4060 731 4142; x_wconf 78' lang='grc' dir='ltr'>ποιητοῦ·</span> <span class='ocrx_word' id='word_1_322' title='bbox 765 4056 840 4124; x_wconf 85' lang='grc' dir='ltr'><strong>πάνυ</strong></span> <span class='ocrx_word' id='word_1_323' title='bbox 879 4057 1066 4144; x_wconf 77' lang='grc' dir='ltr'>ψευσάμενοι·</span> <span class='ocrx_word' id='word_1_324' title='bbox 1101 4053 1136 4141; x_wconf 79' lang='grc' dir='ltr'>ἦν</span> <span class='ocrx_word' id='word_1_325' title='bbox 1174 4059 1230 4141; x_wconf 77' lang='grc' dir='ltr'>γὰρ</span> <span class='ocrx_word' id='word_1_326' title='bbox 1271 4057 1362 4122; x_wconf 75' lang='grc' dir='ltr'>αὐτοῦ</span> <span class='ocrx_word' id='word_1_327' title='bbox 1401 4059 1548 4142; x_wconf 82' lang='grc' dir='ltr'>ἀκουοτὴς</span> <span class='ocrx_word' id='word_1_328' title='bbox 1586 4061 1637 4122; x_wconf 80' lang='grc' dir='ltr'>καὶ</span> 
     </span>
     <span class='ocr_line' id='line_1_38' title="bbox 344 4161 572 4247; baseline -0.009 -23"><span class='ocrx_word' id='word_1_329' title='bbox 344 4161 572 4247; x_wconf 73' lang='grc' dir='ltr'>Στησιμβρότου.</span> 
     </span>
    </p>

    <p class='ocr_par' dir='ltr' id='par_1_7' title="bbox 345 4261 1637 4550">
     <span class='ocr_line' id='line_1_39' title="bbox 429 4261 1636 4345; baseline 0 -19"><span class='ocrx_word' id='word_1_330' title='bbox 429 4263 477 4327; x_wconf 87' lang='lat' dir='ltr'>De</span> <span class='ocrx_word' id='word_1_331' title='bbox 499 4262 706 4345; x_wconf 87' lang='lat' dir='ltr'>Panyassidis</span> <span class='ocrx_word' id='word_1_332' title='bbox 734 4267 843 4328; x_wconf 91' lang='lat' dir='ltr'>aetate</span> <span class='ocrx_word' id='word_1_333' title='bbox 871 4263 961 4327; x_wconf 89' lang='lat' dir='ltr'>locus</span> <span class='ocrx_word' id='word_1_334' title='bbox 990 4261 1214 4326; x_wconf 91' lang='lat' dir='ltr'>testimonium</span> <span class='ocrx_word' id='word_1_335' title='bbox 1241 4263 1384 4327; x_wconf 87' lang='lat' dir='ltr'>continet</span> <span class='ocrx_word' id='word_1_336' title='bbox 1410 4264 1535 4345; x_wconf 80' lang='lat' dir='ltr'>triplex.</span> <span class='ocrx_word' id='word_1_337' title='bbox 1579 4263 1636 4326; x_wconf 91' lang='lat' dir='ltr'>Ille</span> 
     </span>
     <span class='ocr_line' id='line_1_40' title="bbox 345 4363 1637 4446; baseline 0 -17"><span class='ocrx_word' id='word_1_338' title='bbox 345 4366 431 4430; x_wconf 89' lang='lat' dir='ltr'>enim</span> <span class='ocrx_word' id='word_1_339' title='bbox 453 4365 553 4430; x_wconf 86' lang='lat' dir='ltr'>fuisse</span> <span class='ocrx_word' id='word_1_340' title='bbox 576 4366 691 4430; x_wconf 89' lang='lat' dir='ltr'>dicitur</span> <span class='ocrx_word' id='word_1_341' title='bbox 713 4385 780 4429; x_wconf 92' lang='lat' dir='ltr'>non</span> <span class='ocrx_word' id='word_1_342' title='bbox 803 4366 908 4430; x_wconf 90' lang='lat' dir='ltr'>solum</span> <span class='ocrx_word' id='word_1_343' title='bbox 930 4363 1117 4429; x_wconf 87' lang='lat' dir='ltr'>Antimachi</span> <span class='ocrx_word' id='word_1_344' title='bbox 1139 4366 1289 4431; x_wconf 91' lang='lat' dir='ltr'>dominus</span> <span class='ocrx_word' id='word_1_345' title='bbox 1312 4370 1368 4430; x_wconf 93' lang='lat' dir='ltr'>aut</span> <span class='ocrx_word' id='word_1_346' title='bbox 1390 4365 1554 4446; x_wconf 90' lang='lat' dir='ltr'>magister,</span> <span class='ocrx_word' id='word_1_347' title='bbox 1577 4366 1637 4430; x_wconf 91' lang='lat' dir='ltr'>sed</span> 
     </span>
     <span class='ocr_line' id='line_1_41' title="bbox 345 4469 1635 4550; baseline -0.001 -17"><span class='ocrx_word' id='word_1_348' title='bbox 345 4469 444 4534; x_wconf 88' lang='lat' dir='ltr'>etiarn</span> <span class='ocrx_word' id='word_1_349' title='bbox 479 4469 686 4535; x_wconf 90' lang='lat' dir='ltr'>Stesimbroti</span> <span class='ocrx_word' id='word_1_350' title='bbox 723 4469 878 4549; x_wconf 90' lang='lat' dir='ltr'>aequalis.</span> <span class='ocrx_word' id='word_1_351' title='bbox 941 4470 1087 4547; x_wconf 86' lang='lat' dir='ltr'>Quarum</span> <span class='ocrx_word' id='word_1_352' title='bbox 1124 4469 1314 4550; x_wconf 91' lang='lat' dir='ltr'>opinionum</span> <span class='ocrx_word' id='word_1_353' title='bbox 1348 4469 1429 4533; x_wconf 89' lang='lat' dir='ltr'>sicut</span> <span class='ocrx_word' id='word_1_354' title='bbox 1461 4469 1635 4534; x_wconf 87' lang='lat' dir='ltr'>manifesto</span> 
     </span>
    </p>
   </div>
   <div class='ocr_carea' id='block_1_3' title="bbox 0 0 1813 5288">
    <p class='ocr_par' dir='ltr' id='par_1_8' title="bbox 0 0 1813 5288">
     <span class='ocr_line' id='line_1_42' title="bbox 0 0 1813 5288; baseline 0 0"><span class='ocrx_word' id='word_1_355' title='bbox 0 0 1813 5288; x_wconf 95' lang='lat' dir='ltr'> </span> 
     </span>
    </p>
   </div>
  </div>
 </body>
</html>
