3604 5288
877 293 1088 356 .-32-

209 533 212 540 ς
249 481 252 486 ·
336 462 443 526 verbis
476 463 558 528 haec
590 466 740 543 tempora
770 463 899 544 planius
928 463 1193 544 significarentur.
1251 465 1295 528 At
1327 463 1367 528 de
1397 463 1512 528 Xerxis
1542 464 1630 529 hello
1754 467 1757 474 '

337 565 418 629 alius
447 583 526 629 usus
556 583 628 628 esse
656 567 795 645 poterat.
839 565 911 629 Hoc
941 566 1037 643 enim,
1061 585 1135 630 cum
1156 567 1316 630 bellorum
1346 567 1431 630 inter
1452 566 1569 631 Persas
1598 570 1630 631 et

336 667 477 732 Graecos
510 670 676 749 gestorum
708 667 804 748 longe
836 669 1015 732 maximum
1056 669 1152 733 fuerit
1185 673 1218 732 et
1250 669 1473 750 magnitudine
1505 669 1630 750 reliqua

335 769 431 834 nimis
453 770 653 851 superaverit
675 789 776 851 quam
797 774 833 834 ut
855 771 988 851 aequari
1011 790 1085 836 cum
1105 772 1144 836 iis
1166 774 1288 852 posset,
1319 772 1442 836 bellum
1463 770 1630 836 Persicum

337 873 509 954 praecipue
539 872 774 953 appellabatur.
828 873 937 950 Quare
959 872 1028 937 fieri
1050 874 1156 954 potuit
1176 877 1213 938 ut
1235 874 1279 938 ad
1300 875 1364 938 hoc
1385 873 1509 938 bellum
1530 874 1628 954 signi-

335 974 502 1041 ficandum
523 974 630 1040 solum
651 976 787 1040 verbum
808 979 845 1041 τὰ
868 977 999 1060 Περσικά
1021 976 1184 1041 sufficeret
1205 996 1311 1058 neque
1331 976 1511 1058 quidquam
1528 977 1628 1042 inter-

337 1079 437 1155 esset,
473 1081 582 1142 utrum
618 1097 684 1156 res,
719 1078 772 1164 de,
788 1079 972 1160 qua‘locus
1002 1083 1103 1156 esset,
1137 1097 1210 1142 cnm
1238 1078 1292 1142 illo
1324 1080 1410 1143 bello
1440 1080 1631 1145 cohaereret

335 1199 449 1244 necne.
493 1180 641 1244 Eundem
668 1180 730 1262 ipsi
759 1199 857 1245 usum
887 1182 1098 1248 observamus
1125 1181 1343 1246 revolutiones
1366 1202 1450 1263 quae
1472 1187 1630 1248 vocantur

336 1301 444 1348 rerum
455 1281 769 1364 Francogallicarum
785 1283 998 1365 appellantes
1032 1284 1118 1350 Nam
1135 1285 1196 1348 etsi
1212 1284 1395 1365 complures
1406 1289 1628 1363 numerantur,

335 1389 447 1450 tamen
476 1384 548 1450 sola
577 1385 794 1467 appellatione
829 1386 1038 1452 revolutionis
1074 1387 1334 1468 Francogallicae
1369 1387 1493 1452 nullam
1531 1389 1629 1453 aliam

336 1489 553 1570 significamus
582 1489 645 1552 nisi
675 1489 821 1553 omnium
849 1490 1027 1554 maximam
1055 1510 1162 1572 neque
1184 1491 1282 1555 aliam
1304 1489 1447 1571 intellegi
1468 1490 1627 1568 volumus,

336 1592 414 1672 quin
443 1611 517 1655 eam
545 1590 665 1655 additis
692 1592 800 1656 verbis
825 1591 877 1655 vel
904 1595 975 1656 toto
997 1591 1069 1656 loco
1091 1593 1220 1673 planius
1243 1591 1470 1673 significemus.
1514 1592 1628 1676 Itaque

334 1695 471 1758 verbnm
499 1697 536 1758 τὰ
558 1695 698 1779 Περσικά,
728 1694 912 1775 ubicunque
941 1699 1099 1776 tanquam
1122 1696 1200 1760 certi
1222 1695 1300 1760 anni
1321 1705 1476 1760 numerus
1497 1700 1629 1777 tempus

334 1817 443 1861 rerum
473 1796 641 1877 significat,
672 1816 755 1877 quae
785 1797 864 1860 nihil
895 1798 938 1862 ad
964 1817 1016 1862 res
1038 1797 1185 1863 Persicas
1206 1797 1401 1880 pertineant,
1432 1798 1475 1862 ad
1503 1799 1630 1863 nullum

336 1898 435 1962 alliud
450 1885 581 1980 tempus
597 1899 661 1964 nisi
677 1899 719 1963 ad
730 1898 845 1964 Xerxis
863 1901 1101 1982 expeditionem
1118 1901 1257 1965 relatum
1274 1921 1345 1964 esse
1361 1904 1472 1982 potest
1489 1901 1530 1966 ol.
1544 1903 1624 1967 75.1

336 2005 532 2082 susceptam.
1081 2085 1083 2090 Ι

421 2105 623 2187 Scriptorum
650 2125 747 2170 usum
777 2106 820 2170 ad
850 2125 899 2183 ea,
928 2125 1012 2188 quae
1049 2106 1288 2188 explicavimus,
1317 2106 1518 2186 respondere
1547 2107 1629 2172 haec

335 2207 484 2289 exempla
506 2209 655 2274 doceant.

461 2311 501 2374 Α.
539 2312 566 2376 1.
600 2311 701 2376 Thuc
725 2312 748 2389 l,
772 2313 823 2376 73.
846 2312 882 2374 2:
904 2315 941 2376 τὰ
964 2315 997 2376 δὲ
1020 2311 1141 2396 Μηδικὰ
1163 2315 1212 2376 καὶ
1236 2301 1294 2376 όσα
1317 2313 1400 2376 αὐτοὶ
1422 2313 1529 2384 Εόνιστε

334 2414 447 2498 ἀνάγκη
470 2414 575 2493 λέγειν.
619 2413 691 2478 Hoc
712 2414 784 2478 loco
806 2415 943 2478 verbum
964 2417 1000 2478 τὰ
1023 2415 1145 2498 Μηδικά
1167 2415 1209 2478 ad
1232 2415 1453 2495 expeditiones
1476 2415 1573 2478 Darei
1595 2418 1628 2478 et

333 2514 448 2578 Xerxis
459 2515 571 2580 referri
582 2519 701 2596 potest,
719 2535 793 2580 cum
804 2517 914 2597 paullo
926 2521 1012 2598 post,
1030 2517 1087 2582 uhi
1098 2517 1214 2582 eadem
1231 2537 1283 2582 res
1301 2517 1481 2598 exponitur,
1498 2537 1629 2598 pugnae

334 2616 422 2697 apud
444 2617 639 2682 Marathona
662 2623 694 2682 et
716 2619 804 2700 apud
826 2619 994 2685 Salamina
1016 2621 1210 2686 commissae
1232 2621 1449 2686 nominentur.

461 2719 501 2784 A.
535 2720 565 2782 h.
599 2719 707 2786 Schol.
738 2722 781 2786 ad
810 2722 978 2788 Demosth.
1009 2723 1074 2801 VII,
1107 2725 1121 2787 1
1154 2724 1217 2801 (76.
1241 2722 1327 2806 4):¹)
1362 2723 1443 2788 ἔοικε
1473 2726 1628 2788 δὲταῦτα

333 2823 405 2904 πρός
427 2823 463 2885 τὰ
487 2823 618 2908 Περσικὰ
640 2823 719 2910 ἔχειν
740 2827 792 2910 τὴν
814 2827 978 2913 Ιοὶναφοροὶν·
1003 2829 1047 2891 διό
1070 2829 1121 2890 καὶ
1140 2829 1246 2914 φθάνει
1261 2829 1295 2890 τὸ
1313 2823 1405 2890 δεινόν
1423 2819 1458 2890 ἂν
1476 2827 1533 2910 εἴη.
1553 2827 1626 2892 οἷον·

334 2925 388 2988 οὐκ
418 2926 614 3012 ἐφοβήθησαν
634 2927 737 2993 αὐτοῦ
761 2929 893 3012 ιΔαρέόοιι
922 2931 960 2994 τὰ
988 2932 1147 3014 γράμματα
1174 2931 1236 2994 οὐδ’
1266 2919 1285 2992 ἃ
1319 2929 1476 2993 ἐπέστελλε
1505 2930 1626 3014 Ξέρξης,

334 3028 399 3092 ἀλλ’
423 3027 552 3114 ἀνῄρουν
574 3031 643 3100 τοὺς
665 3018 799 3112 ἥκοντας.
833 3030 905 3096 Hoc
926 3033 998 3096 loco
1022 3051 1095 3096 cum
1117 3035 1422 3108 commemorentur,
1446 3051 1530 3112 quae
1553 3051 1628 3096 cum

334 3131 538 3212 expeditione
555 3132 652 3197 Darei
673 3132 752 3196 item
773 3136 872 3214 atque
887 3133 1001 3198 Xerxis
1025 3135 1230 3212 cohaereant,
1254 3134 1296 3198 ad
1319 3134 1379 3198 has
1403 3135 1626 3216 expeditiones

332 3233 468 3297 verbum
490 3237 526 3299 τὰ
549 3237 680 3317 Περσικά
702 3239 837 3316 spectat.

463 3337 500 3402 B.
534 3338 666 3414 Locum,
690 3357 755 3419 quo
776 3339 878 3402 verbo
900 3341 937 3403 τὰ
954 3340 1084 3424 Περσικά
1106 3343 1236 3420 tempus
1252 3359 1381 3422 pugnae
1400 3340 1627 3404 Marathoniae

333 3439 438 3504 solum
461 3439 666 3520 significetur,
689 3440 798 3506 inveni
818 3441 953 3506 nullum.

462 3541 498 3606 C.
530 3542 793 3624 Appellationem
822 3543 899 3608 belli
924 3544 1045 3610 Persici
1072 3545 1239 3626 propriam
1269 3545 1368 3610 fuisse
1395 3545 1510 3610 Xerxis
1538 3545 1625 3623 belli,

332 3631 426 3724 quasi
447 3644 554 3710 solum
577 3665 616 3710 ea
638 3645 771 3726 dignum
794 3650 889 3724 esset,
914 3667 952 3711 ex
974 3646 1025 3711 his
1047 3648 1127 3712 locis
1150 3651 1295 3729 apparet.

326 3775 328 3782 ’
421 3749 447 3811 1.
482 3747 578 3812 Isocr.
607 3747 747 3812 Panath.
778 3749 833 3813 17:
866 3750 966 3835 χρόνῳ
996 3753 1029 3815 δὲ
1059 3739 1180 3835 ὕστερον
1207 3751 1367 3835 γενομένου
1396 3753 1448 3815 τοῦ
1477 3752 1625 3835 Περσικοῦ

331 3850 463 3932 πολέμου
486 3853 536 3914 καὶ
559 3851 684 3932 Ξέρξους
706 3855 758 3916 τοῦ
780 3853 847 3916 τότε
869 3855 1073 3934 βασιλεύοντος
1095 3855 1220 3938 τριήρεις
1243 3856 1295 3937 μὲν
1318 3855 1531 3936 συναγαγόντος

417 3952 448 4014 2.
481 3953 579 4016 Isocr.
601 3952 684 4018 Pht.
708 3954 765 4017 23:
799 3957 849 4020 καὶ
876 3957 933 4039 γὰρ
960 3959 1029 4028 τοὺς
1057 3958 1219 4041 ἡμετέρους
1247 3958 1408 4042 προγόνους
1436 3959 1524 4044 φασὶν
1551 3959 1625 4022 ἐκλι·

333 4057 446 4119 πόντων
468 4056 527 4119 τῶν
551 4056 700 4139 ὑμετέρων
722 4057 856 4140 πατέρων
879 4060 975 4144 ἐντῷ
998 4060 1135 4146 Περσικῷ
1159 4060 1282 4144 πολέμῳ
1305 4060 1412 4143 ταύτην
1435 4063 1487 4144 τὴν
1510 4063 1623 4146 χώραν.

418 4158 447 4221 3.
487 4158 581 4222 Dion.
615 4159 688 4227 Hal.
723 4160 764 4223 de
796 4159 898 4225 Thuc.
932 4161 997 4225 iud.
1032 4162 1096 4244 (ed.
1127 4162 1265 4242 Krr'rger,
1294 4182 1327 4243 p.
1362 4161 1450 4246 185lz
1492 4165 1560 4234 τοὺς
1590 4165 1623 4227 δὲ

332 4262 550 4346 προελομένους
583 4265 635 4345 τήν
664 4287 696 4327 τε
722 4266 828 4354 χώραν
864 4266 914 4328 καὶ
948 4267 999 4350 τὴν
1029 4265 1112 4329 πόλιν
1142 4265 1268 4328 ἐκλιπεῖν
1298 4268 1374 4330 κατὰ
1402 4269 1451 4330 τόν
1482 4267 1624 4352 Περσικὸν

330 4366 460 4445 πόλεμον
482 4363 671 4448 Ἀθηναίους.

418 4499 439 4566 ¹)
467 4501 506 4554 ed.
524 4502 645 4568 Diodori,
664 4503 717 4554 vol.
737 4503 806 4566 VIII,
825 4519 851 4570 p.
873 4503 930 4555 171.
