3604 5288
780 328 907 391 ..67
957 365 990 372 .-

328 500 387 566 His
409 498 533 564 iudiciis
556 518 639 581 quae
667 498 708 563 de
730 498 866 563 Hesiodi
887 503 918 563 et
940 498 1127 563 Antimachi
1153 499 1405 580 proprietatibus
1429 502 1532 567 conti-

242 608 374 680 nentur,
410 603 493 666 inter
521 621 556 666 se
582 621 736 683 magnam
765 605 892 683 partem
922 602 1130 683 respondent.
1190 603 1412 685 Quaecunque
1447 605 1534 668 enim

243 707 331 788 apud
344 706 533 788 Dionysium
545 705 585 769 de
601 705 639 769 iis
653 705 813 786 leguntur,
830 705 946 769 eadem
963 705 1167 786 reperiuntur
1184 705 1272 786 apud
1287 705 1532 784 Quintilianum.

242 810 351 890 Atque
381 809 480 874 etiam
509 808 551 872 de
579 807 778 890 Panyasside
808 808 841 872 id
870 808 1036 890 utriusque
1067 807 1190 872 iudicio,
1215 827 1388 873 commune
1418 813 1468 873 est
1496 813 1533 875 ut

242 913 412 994 Panyassis
434 912 469 976 in
490 911 673 993 eloquendo
695 910 815 975 mixtus
837 931 878 975 ex
892 911 1037 975 Hesiodo
1061 914 1093 975 et
1108 911 1303 976 Antimacho
1323 912 1484 977 existimet
1524 963 1532 978 .

242 1016 289 1079 Ex
311 1019 376 1096 q'uo
399 1018 535 1095 apparet
556 1013 736 1096 Panyassin
758 1013 791 1078 in
814 1012 997 1095 eloquendo
1019 1018 1090 1078 tum
1111 1013 1298 1079 Antimachi
1319 1035 1411 1081 more
1433 1017 1533 1082 luisse

242 1138 393 1200 asperum
416 1122 449 1182 et
470 1137 601 1199 gravem
623 1117 876 1198 inusitatumque
898 1136 1082 1181 samonem
1105 1117 1285 1195 affectasse,
1307 1122 1378 1183 tum
1399 1118 1534 1184 Hesiodi

241 1242 333 1287 more
363 1221 542 1302 simplicem
569 1221 738 1302 levemque
767 1220 866 1284 fuisse
895 1225 928 1285 et
955 1219 1139 1284 abundasse
1168 1220 1355 1285 nominibus
1377 1241 1416 1286 ac
1437 1241 1533 1303 prae-

243 1325 354 1406 ceptis.
398 1324 435 1387 ln
457 1323 691 1389 hoc'iudicium
705 1325 889 1408 fragmenta
903 1324 1024 1388 tradita
1040 1324 1124 1387 bene
1140 1324 1343 1401 conveniunt,
1366 1324 1401 1389 in
1417 1325 1534 1406 quihus

244 1428 304 1492 etsi
325 1427 471 1492 Hesiodo
501 1427 629 1492 dicendi
657 1447 775 1509 genere
805 1428 907 1492 multo
929 1426 1084 1508 propiora
1109 1445 1208 1508 quam
1229 1426 1426 1492 Antimacho
1449 1431 1534 1505 sunt,

242 1535 354 1595 tamen
383 1530 472 1594 color
500 1530 634 1612 quidam
655 1531 888 1599 Antimacheus
917 1550 984 1595 non
1015 1529 1107 1593 desit.
1158 1529 1290 1594 Exsistit
1320 1530 1407 1594 enim
1433 1531 1467 1594 in
1495 1530 1535 1594 iis

242 1652 309 1698 non
339 1633 446 1698 solum
478 1633 653 1698 verborum
682 1634 874 1716 compositio
905 1633 1041 1714 simplex
1071 1651 1109 1697 ac
1138 1632 1332 1715 probabilis,
1365 1633 1535 1697 nominum

242 1737 453 1814 abundantia,
466 1735 488 1820 ¹)
512 1737 669 1802 orationis
691 1738 733 1801 ad
755 1740 930 1819 praecepta
952 1736 1117 1800 inclinatio
1129 1733 1167 1820 ²),
1190 1736 1249 1800 sed
1272 1736 1369 1801 eiiam
1392 1737 1535 1818 gravitas

242 1841 406 1922 quaedam
423 1845 455 1904 et
471 1840 635 1904 interdum
649 1841 824 1905 verborum
841 1844 1043 1904 remotorum
1062 1859 1149 1903 usus.
1158 1836 1186 1924 ³)
1221 1839 1346 1904 Deinde
1362 1838 1535 1921 Dionysius

244 1948 276 2007 et
298 1942 514 2021 Quintilianus
535 1943 569 2006 in
592 1963 631 2006 eo
654 1943 871 2020 consentiunt,
900 1945 937 2006 ut
957 1942 1095 2006 materia
1124 1960 1297 2022 rerumque
1328 1942 1536 2007 cohaerentia

243 2065 282 2110 ac
311 2044 523 2126 dispositione
551 2049 583 2108 et
604 2044 785 2109 Hesiodum
811 2049 843 2109 et
864 2043 1097 2108 Antimachum
1120 2063 1140 2108 a
1161 2044 1361 2125 Panyasside
1389 2045 1536 2126 superari

243 2148 358 2213 ierant.
391 2148 538 2229 Denique
561 2147 603 2211 ab
625 2150 763 2229 utroque
782 2151 848 2211 tres
866 2146 911 2210 illi
928 2165 968 2210 eo
984 2145 1097 2210 ordine
1115 2150 1354 2224 enumerantur,
1377 2151 1413 2211 ut
1427 2148 1535 2230 Pany-

243 2252 325 2316 assis
346 2256 532 2333 postremus
554 2249 748 2314 nominetur.

330 2354 396 2419 Sed
424 2352 572 2436 quamvis
601 2351 704 2416 multa
732 2371 845 2416 eorum
872 2351 1066 2416 testimoniis
1096 2352 1281 2416 communia
1310 2353 1388 2430 sint,
1422 2356 1535 2418 tamen

242 2457 380 2521 mulium
401 2457 495 2521 abest
516 2459 552 2520 ut
573 2455 717 2537 Dionysii
739 2455 840 2518 verba
862 2473 882 2518 a
908 2454 1106 2533 Quintiliano
1130 2454 1323 2534 reddantur,
1354 2456 1409 2537 qui
1431 2456 1534 2520 multo

241 2559 335 2640 plura
367 2559 421 2624 illo
451 2560 575 2624 afferat.
627 2558 676 2622 Ne
705 2556 768 2622 alia
798 2557 919 2634 dicam,
952 2557 1041 2638 apud
1067 2557 1256 2639 Dionysium
1284 2557 1416 2636 desunt,
1451 2578 1535 2640 quae

241 2664 422 2728 Hesiodum
462 2662 649 2727 describens
689 2657 905 2740 Quintilianus
945 2659 986 2723 de
1021 2660 1191 2725 nominum
1231 2664 1263 2724 et
1301 2661 1536 2726 sententiarum

241 2766 422 2847 praeceptis
449 2765 650 2829 redditamm
677 2763 770 2845 copia
797 2763 883 2827 dicit.
932 2763 968 2826 ln
995 2763 1206 2828 aestimandis
1230 2783 1308 2829 vero
1330 2764 1536 2847 Panyassidis

243 2869 414 2932 virtutihus
436 2869 528 2932 aliter
549 2867 720 2949 Dionysius
741 2866 872 2943 iudicat,
893 2864 987 2930 aliter
1009 2865 1235 2944 Quintilianus.
1280 2867 1376 2932 Hunc
1398 2867 1485 2932 enim
1507 2867 1534 2931 si

243 2970 402 3048 audimus,
424 2971 610 3035 Antimachi
632 2974 665 3035 et
685 2969 821 3035 Hesiodi
843 2970 877 3032 in
899 2969 1081 3050 eloquendo
1104 2969 1239 3034 virtutes
1260 2970 1442 3052 Panyassis,
1474 2970 1534 3034 etsi

243 3074 433 3138 coniunctae
461 3073 495 3137 in
521 3093 560 3138 eo
588 3077 694 3151 erant,
721 3077 832 3137 tamen
857 3091 925 3136 non
953 3072 1112 3153 aequavit.
1164 3072 1286 3137 Contra
1312 3087 1379 3138 non
1401 3073 1535 3138 inferior

243 3177 303 3242 illis
333 3177 407 3255 fuit,
436 3178 463 3241 si
484 3177 673 3259 Dionysium
701 3175 882 3257 sequimur,
910 3175 1031 3257 quippe
1059 3175 1114 3257 qui
1136 3175 1178 3241 de
1199 3176 1400 3257 praestantia
1421 3195 1534 3241 eorum

242 3281 321 3345 nihil
338 3285 579 3345 commemoret.
602 3280 716 3361 Neque
732 3279 818 3343 enim
834 3279 867 3343 id
879 3279 949 3342 sine
960 3279 1094 3343 consilio
1108 3279 1230 3343 factum
1242 3298 1314 3343 esse
1324 3282 1443 3360 potest,
1460 3298 1535 3343 cum

242 3384 314 3465 ipso
331 3384 395 3448 hoc
412 3385 485 3448 loco
502 3386 784 3461 commemoretur,
803 3382 919 3464 quibus
940 3382 1038 3446 rebus
1054 3381 1227 3463 Panyassis
1248 3380 1310 3444 illis
1327 3381 1533 3462 praestiterit.

243 3487 355 3568 ltaque
370 3487 454 3552 inter
464 3487 652 3570 Dionysium
667 3491 699 3551 et
713 3485 947 3565 Quintilianum
959 3485 1075 3549 eadem
1092 3483 1251 3548 dissensio
1268 3483 1417 3561 hahetur,
1434 3502 1535 3565 quam

243 3589 284 3652 de
298 3589 503 3672 Panyassidis
517 3589 621 3671 pretio
638 3594 736 3670 atque
752 3588 977 3654 aestimatione
993 3587 1111 3652 Suidas
1125 3586 1236 3664 tradit,
1251 3605 1316 3668 quo
1332 3590 1416 3652 teste
1432 3587 1535 3669 Pany-

243 3692 323 3757 assis
338 3694 380 3756 ab
397 3692 467 3758 aliis
478 3693 622 3758 Homero
636 3693 801 3774 proximus
814 3691 983 3768 iudicatus
997 3691 1040 3754 ab
1053 3689 1123 3754 aliis
1133 3689 1280 3755 Hesiodo
1295 3693 1327 3754 et
1337 3690 1533 3755 Antimacho

241 3796 442 3876 postpositus
456 3800 516 3861 est.
548 3797 640 3875 Quae
656 3795 815 3860 dissensio
833 3794 932 3858 etiam
943 3793 1091 3874 pluribus
1104 3793 1299 3857 testimoniis
1313 3792 1533 3857 confirmatur.

243 4017 385 4086 quinquies
402 4020 449 4087 τλῆ
468 4019 551 4073 verbo
569 4018 660 4086 utitur,
678 4023 709 4072 ut
726 4018 881 4072 servitutem
899 4033 931 4070 ac
945 4015 1103 4085 patientiam
1118 4014 1227 4084 gravius
1242 4013 1373 4082 significet
1387 4013 1534 4081 Martisque

242 4103 438 4172 impatientiam
454 4103 564 4173 insuper
580 4119 674 4158 versus
691 4104 799 4173 rythmo
817 4102 970 4158 vehementi
987 4102 1114 4170 depingit.
1141 4101 1180 4155 De
1196 4097 1430 4168 redintegrationis
1447 4098 1535 4166 figura

243 4190 276 4243 cf.
295 4190 375 4244 etiam
393 4189 438 4243 Tz.
455 4189 504 4258 ἧς.
525 4190 570 4244 18:
593 4191 678 4257 πᾶσαι,
697 4191 797 4257 πάντες,
816 4191 902 4256 πᾶσαι,
919 4189 1002 4246 πάσας
1019 4192 1046 4241 et
1063 4187 1112 4255 irg.
1132 4187 1172 4239 17.
1192 4187 1307 4239 14-16:
1330 4185 1357 4238 tv
1376 4185 1432 4252 μέν,
1451 4183 1477 4236 ἐν
1497 4182 1533 4246 tr,

243 4275 269 4328 ἐν
289 4274 319 4343 δ’,
338 4276 364 4328 ἰν
384 4275 419 4328 δέ.

331 4360 550 4431 HRQH

329 4446 671 4517 hhwstfflffl

327 4531 350 4602 3)
378 4534 411 4588 ci.
429 4533 564 4588 Tzschim.
583 4549 608 4601 p.
627 4533 668 4586 65.
695 4531 744 4601 irg.
762 4532 823 4586 30a
840 4537 867 4586 ct
883 4532 902 4584 b
921 4536 947 4586 et
965 4546 1037 4600 quae
1055 4547 1081 4599 p.
1100 4529 1133 4582 27
1152 4533 1333 4648 exponunhssr.

1273 4615 1291 4667 5
