3604 5288
1071 229 1077 267 l

720 289 932 353 -45..

375 459 451 524 Res.
664 461 739 526 Eus.
761 479 844 524 vers.
867 461 957 525 Arm.
1020 460 1152 524 Hieron.
1227 465 1327 543 temp.
1349 482 1472 527 verum.

223 559 408 626 Hellanicus
436 561 646 644 historiogra-

180 663 232 728 fus
242 668 275 728 et
285 665 488 729 Democritus
499 665 646 730 filosoius

181 771 214 832 et
228 766 410 832 Heraclitus
430 772 646 850 cognomento

180 871 374 936 tenebrosus
391 875 424 935 et
433 871 646 954 Anaxagoras

179 973 297 1054 fysicus
320 974 397 1039 clari
419 974 590 1038 habentur.
1040 975 1090 1039 70.
1118 975 1132 1038 1
1244 974 1346 1039 multo
1368 979 1444 1056 post

223 1076 359 1155 Bellum,
382 1077 471 1159 quod
489 1078 523 1141 in
538 1078 646 1142 Mara-

179 1177 282 1242 thone
303 1182 431 1259 gestum
454 1184 513 1245 est.
1040 1180 1090 1242 77.
1116 1182 1131 1243 1
1298 1180 1348 1244 77.
1373 1180 1393 1244 3

223 1281 647 1364 Panyassispoetahabetur

180 1385 332 1449 inlustris.
808 1435 816 1450 .
1039 1385 1135 1448 774
1170 1426 1177 1433 -
1216 1468 1220 1475 ¹
1298 1387 1388 1451 75.1

223 1486 373 1552 Trecenti
387 1489 513 1554 nobiles
524 1491 646 1556 Fabiae
1334 1532 1336 1536 ·

179 1589 645 1658 familiaeaVeientibuscaesi.
1039 1590 1092 1654 m.
1112 1592 1135 1655 4
1298 1593 1348 1657 75.
1372 1593 1394 1657 4

224 1693 306 1758 Cum
334 1695 367 1758 in
388 1694 506 1776 Algido
534 1701 645 1761 monte

179 1797 322 1861 Romani
354 1797 472 1862 milites
506 1801 645 1864 obsede-

179 1903 300 1982 rentur‚
312 1919 332 1964 a
343 1900 500 1967 dictatore
513 1902 645 1981 Quintio

180 2002 371 2067 Cincinnato
403 2003 532 2070 liberati
560 2011 645 2071 sunt.

223 2106 312 2170 Mare
327 2107 536 2173 obtinuerunt
548 2109 646 2191 Aegi·

179 2214 276 2274 netae
321 2210 493 2294 (Aegyptii)
542 2231 647 2277 annos

180 2313 294 2377 decem
322 2332 426 2395 usque
459 2315 502 2378 ad
531 2313 646 2380 Xerxis

179 2416 362 2481 transitum.
809 2464 816 2478 .
1011 2414 1163 2498 —(67.4)

223 2521 388 2602 Aegyptus
438 2521 572 2586 recessit
627 2542 647 2585 a

179 2622 288 2688 Dario,
954 2645 959 2654 ·
1012 2621 1092 2684 lat
1117 2621 1163 2706 (7)

224 2725 303 2790 Gelo
312 2727 451 2790 obtinuit
459 2726 645 2809 Syracusas,
1042 2724 1092 2786 73.
1119 2725 1133 2787 1

222 2829 382 2893 Pindarus
409 2834 441 2895 et
464 2829 647 2894 Simonides

180 2932 267 3014 lyrici
288 2935 408 3014 poetae
426 2933 568 3014 insignes
585 2933 646 2995 ha-

180 3037 307 3100 bentur.
809 3082 816 3096 .
1041 3032 1135 3096 73u

223 3138 346 3204 Xerxes
386 3158 459 3202 cum
499 3138 646 3202 Athenas

180 3242 335 3319 venisset,
362 3241 504 3305 incendit
530 3242 646 3305 urbem

181 3345 242 3409 suh
264 3344 408 3426 principe
429 3343 540 3408 Callia.
809 3390 816 3405 .
1041 3344 1091 3407 74.
1114 3344 1137 3407 4

223 3447 360 3526 Bellum,
382 3448 472 3529 quod
493 3448 526 3510 in
542 3446 646 3511 Ther-

180 3551 317 3633 mopylis
350 3554 477 3632 gestum
512 3553 576 3627 est,
615 3554 646 3615 et

180 3653 269 3734 apud
298 3653 498 3718 Salaminam
530 3653 647 3718 navale

181 3759 354 3820 certamen.
765 3753 861 3819 lau
1040 3756 1090 3820 75.
1118 3757 1131 3818 1
1300 3756 1349 3819 75.
1377 3756 1391 3819 1

223 3859 349 3923 Bellum
381 3858 415 3922 in
439 3859 581 3924 Plataeis
615 3861 647 3922 et

179 3962 213 4026 in
235 3962 367 4044 Mycale
765 3960 860 4024 75.3
1011 3961 1095 4027 76.1
1117 3961 1163 4045 (4)
1299 3962 1393 4025 mu

223 4063 646 4146 HieronSyracusisregnat.
766 4063 862 4126 76.4
1010 4063 1061 4126 75.
1087 4063 1110 4126 4
1132 4067 1164 4127 et
1298 4064 1392 4128 75.3

219 4269 645 4335 Pindarusclarushabetur.
766 4268 817 4332 77.
844 4269 858 4332 1
1039 4266 1135 4331 76.4
1250 4269 1300 4332 75.
1327 4269 1341 4332 1
1368 4266 1435 4352 (dt)

267 4373 408 4437 Maxima
429 4373 525 4454 igitur
547 4372 635 4453 apud
650 4371 885 4453 Hieronymum
908 4373 940 4434 et
960 4371 1047 4452 apud
1063 4369 1253 4434 Armenium
1271 4370 1473 4451 perturbatio

181 4478 244 4540 est.
283 4475 398 4556 Neque
423 4475 518 4540 ullius
547 4478 596 4539 est
627 4474 800 4552 momenti,
832 4474 921 4554 quod
946 4473 1132 4555 PanyassiS‚
1163 4491 1237 4536 cum
1266 4473 1308 4536 ab
1336 4476 1474 4553 utroque
