3604 5288
700 291 912 354 ..ηρ-

245 467 439 533 Artemisiae
467 463 534 528 filio
565 463 653 543 apud
681 461 892 526 Plutarchum
902 460 927 545 ¹)
956 458 1106 544 Pigrae2)
1136 480 1257 527 nomen
1286 481 1367 526 esse.
1416 461 1456 526 Et

160 572 297 636 dubium
329 567 447 645 videri,
482 566 610 630 filiusne
642 563 847 629 Pisindelidis
883 564 1054 646 Lygdamis
1090 565 1195 629 fuerit.
1249 564 1334 628 Nam
1368 565 1457 646 quod

161 672 333 738 Pisindelis
354 670 550 735 Artemisiae
572 668 656 732 filius
680 667 721 731 ol.
746 667 797 731 75.
822 668 899 730 1=
916 667 982 731 480
1002 671 1072 732 tam
1093 667 1243 748 impubes
1269 667 1393 744 diisset,
1420 671 1457 731 ut

163 777 275 841 matris
306 773 428 838 tutelae
464 772 629 837 subiectus
666 770 783 834 Xerxis
816 769 1013 851 expeditioni
1045 771 1202 835 interesse
1233 789 1301 834 non
1332 774 1456 852 posset,

162 876 367 960 Lygdamidis
388 894 488 957 regno
511 875 564 938 vix
586 873 666 938 satis
687 872 844 954 temporis
866 872 1014 955 relinqui,
1038 893 1111 938 oum
1134 873 1217 937 inter
1239 872 1281 936 ol.
1305 874 1356 937 75.
1383 874 1397 937 1
1424 876 1457 937 et

162 982 203 1046 ol.
230 982 282 1045 81.
311 981 331 1044 3
362 979 503 1060 spatium
525 977 621 1042 nimis
652 975 751 1040 breve
780 975 1007 1056 interpositum
1038 978 1133 1040 esset.
1186 975 1278 1054 Quae
1307 975 1455 1056 profecto

160 1086 353 1166 argumenta
375 1083 451 1145 sunt
472 1081 584 1161 inepta
606 1099 645 1144 ac
665 1079 765 1143 nulla.

246 1185 294 1250 De
317 1183 514 1249 Pisindelide
536 1182 623 1246 enim
643 1182 839 1246 Artemisiae
860 1181 926 1244 filio
948 1182 1038 1246 nulla
1060 1182 1220 1246 dubitatio
1244 1201 1315 1246 esse
1336 1185 1456 1263 potest,

162 1290 225 1354 etsi
246 1291 381 1370 propter
402 1285 565 1351 Plutarchi
586 1285 688 1349 verba
708 1285 820 1366 Pigres
842 1285 905 1362 ille,
928 1286 984 1366 qui
1011 1285 1052 1350 de
1073 1286 1218 1350 'murium
1245 1289 1278 1350 et
1304 1305 1456 1350 ranarum

161 1411 274 1474 pugna
302 1407 433 1454 carmen
460 1388 681 1469 composuisse
710 1387 836 1465 dicitur,
863 1389 1058 1453 Artemisiae
1086 1389 1212 1453 videtur
1239 1389 1340 1454 hrisse
1361 1389 1456 1453 filius.

163 1494 249 1559 Nam
272 1492 413 1557 maxime
436 1491 568 1555 dubium
593 1493 651 1568 est,
675 1511 718 1555 an
739 1490 904 1555 Plutarchi
926 1491 1016 1555 loeus
1038 1491 1174 1555 vitiosus
1196 1492 1247 1556 sit.
1285 1491 1348 1570 Qui
1371 1492 1457 1556 enim

162 1597 274 1678 Pigres
302 1594 390 1676 apud
417 1593 628 1658 Plutarchum
658 1591 881 1676 ὁἈρτιμισίας
908 1595 1106 1672 nominatur,
1133 1595 1274 1660 eundem
1302 1591 1455 1677 Suidas³)

161 1699 240 1782 ipsis
262 1698 370 1763 verbis
393 1697 469 1762 dicit
490 1697 684 1761 Artemisiae
706 1696 851 1763 fratrem.
895 1697 1030 1762 Etiamsi
1055 1701 1166 1762 autem
1192 1701 1324 1780 praeter
1351 1696 1456 1779 opini-

161 1821 260 1868 onem
286 1804 437 1866 nostram
462 1799 573 1880 Pigres
599 1799 794 1864 Artemisiae
822 1800 908 1865 tilius
935 1800 1042 1877 fuerit,
1070 1800 1150 1864 nihil
1177 1800 1344 1882 impediat,
1373 1819 1456 1882 quo-

160 1907 268 1970 minus
283 1903 456 1968 Pisindelis
473 1921 604 1985 quoque
622 1903 719 1967 fuerit
735 1904 930 1968 Artemisiae
946 1903 1042 1967 filius.
1075 1902 1235 1968 Herodoti
1251 1904 1338 1968 enim
1354 1903 1456 1979 loeus,

162 2009 218 2090 qui
240 2009 282 2072 de
302 2007 497 2072 Artemisiae
519 2006 586 2070 filio
609 2007 724 2071 iuvene
747 2009 807 2084 est,
828 2026 896 2072 non
918 2007 1038 2071 obstat.

248 2111 302 2174 Ad
335 2110 472 2174 alterum
505 2129 591 2173 nuno
623 2114 765 2186 transeo,
800 2110 890 2191 quod
923 2110 966 2174 ad
995 2109 1174 2192 Lygdamin
1199 2109 1350 2192 pertinet.
1393 2108 1457 2185 Qui

163 2214 291 2278 etiamsi
311 2211 516 2277 Pisindelidis
538 2211 624 2276 filius
646 2231 819 2294 perperam
842 2212 1012 2289 diceretur,
1034 2216 1146 2276 tamen
1169 2231 1244 2276 eum
1262 2211 1393 2274 tertium
1413 2211 1456 2274 ab

162 2316 338 2381 Artemisia
358 2314 681 2378 Halicarnasseorum
702 2319 876 2398 tyrannum
893 2316 993 2380 fuisse
1013 2319 1186 2380 constaret.
1220 2314 1352 2378 Nullam
1370 2314 1458 2378 enim

163 2419 262 2483 aliam
288 2420 331 2483 ob
358 2437 492 2482 causam
517 2417 688 2482 Pisindelis
714 2419 919 2497 Artemisiae,
945 2419 1117 2502 Lygdamis
1142 2417 1349 2482 Pisindelidis
1372 2417 1456 2481 lilius

161 2522 231 2586 fieri
256 2525 398 2604 poterat,
426 2520 490 2584 nisi
515 2520 604 2601 quod
630 2524 707 2602 post
731 2522 942 2586 Artemisiam
963 2521 1145 2598 Pisindelis,
1166 2525 1244 2603 post
1265 2521 1352 2585 hunc
1374 2521 1456 2602 Lyg-

162 2626 267 2691 damis
295 2629 451 2707 tyrannus
480 2623 550 2688 fuit.
601 2623 668 2688 Sed
693 2623 774 2688 nihil
802 2627 860 2703 est,
890 2643 946 2689 cur
967 2625 1169 2706 grammatici
1191 2624 1326 2689 alicuius
1349 2641 1458 2688 errore

160 2749 230 2793 rem
261 2729 473 2810 depravatam
502 2746 574 2790 esse
603 2728 806 2806 arbitremur,
836 2747 910 2794 curn
935 2728 1021 2792 male
1050 2728 1073 2791 ii
1099 2727 1304 2792 Herodotum
1331 2725 1457 2789 intelle·

160 2831 277 2909 serint,
311 2831 366 2912 qui
395 2830 464 2894 eius
493 2830 680 2894 testimonio
710 2831 842 2898 adducti
875 2831 1031 2912 temporis
1065 2831 1216 2912 spatium,
1252 2828 1341 2909 quod
1374 2829 1458 2892 inter
1554 2871 1556 2876 ·

163 2933 205 2998 ol.
224 2934 274 2997 75.
299 2934 313 2996 1
336 2937 368 2997 et
386 2933 428 2997 ol.
449 2934 501 2996 81.
524 2933 543 2996 3
566 2935 625 3010 est,
656 2934 787 2998 brevius
814 2952 886 2997 esse
910 2933 1085 3015 opinantur
1108 2949 1212 3014 quam
1236 2936 1272 2996 ut
1294 2951 1312 2995 e
1335 2929 1456 2995 Suidae

163 3036 348 3100 testimonio
377 3035 571 3100 Artemisiae
601 3035 685 3100 filius
715 3036 898 3107 Pisindelis,
933 3036 1028 3100 huius
1061 3035 1146 3100 filius
1179 3033 1351 3117 Lygdarnis
1385 3050 1457 3096 esse

161 3139 312 3219 potuerit.

249 3241 336 3319 Quid
359 3241 446 3306 enim
468 3242 509 3305 de
531 3241 729 3306 Pisindelide
751 3242 1002 3306 existimandum
1021 3245 1071 3306 est
1090 3241 1259 3322 impubere
1278 3238 1456 3319 matrisque

162 3345 284 3409 tutelae
302 3345 468 3410 subiecto?
503 3344 585 3409 Cum
603 3344 719 3408 Xerxis
738 3344 901 3426 expeditio
918 3344 1020 3421 fieret,
1039 3344 1222 3408 Artemisae
1238 3342 1337 3406 fuisse
1354 3340 1456 3404 filium

163 3447 328 3523 iuvenem,
365 3465 433 3510 non
468 3448 671 3530 impuberem
710 3447 779 3530 ipse
813 3445 1036 3529 Herodotus4)
1070 3446 1163 3510 testis
1196 3448 1245 3508 est
1278 3441 1457 3524 perspicuis

164 3549 271 3613 verbis
288 3549 398 3614 dicens
417 3550 505 3614 nulla
522 3550 717 3615 necessitate
733 3554 880 3615 coactam
897 3549 1107 3614 Artemisiam
1125 3548 1240 3612 Xerxis
1260 3544 1456 3628 expeditioni

162 3652 356 3716 interhrisse.
395 3651 481 3716 Nam
502 3673 569 3717 non
593 3652 699 3717 solum
720 3653 827 3735 ipsam
845 3654 915 3717 viro
937 3656 1067 3717 mortuo
1089 3669 1253 3732 regnasse,
1277 3649 1335 3713 sed
1358 3649 1456 3712 etiam

250 3804 271 3873 ¹)
297 3805 366 3861 Plut
385 3808 418 3860 de
435 3808 498 3861 mal.
516 3807 577 3862 Her.
597 3807 624 3861 C.
643 3807 685 3874 43,
705 3809 746 3861 ed.
763 3807 897 3876 Wyttenb.
916 3809 936 3874 I,
954 3824 980 3875 p.
994 3808 1057 3860 509:
1085 3783 1170 3872 ὥοπίρ
1190 3804 1455 3876 βατραχομυομαχίας

161 3894 295 3963 γινομίνης
314 3889 410 3963 Πίγρης
428 3891 442 3944 δ
462 3889 622 3958 Ἀρτεμισίας
641 3892 667 3946 ίν
687 3893 756 3946 tneor
774 3893 872 3954 παίζων
890 3894 934 3945 καί
953 3893 1073 3965 φλυαρῶν
1093 3892 1194 3964 ἔγραψε.

247 3977 269 4045 ²)
296 3976 401 4049 Πίγρης,
419 3977 484 4043 (len,
503 3975 604 4050 Πίγριυι
623 3979 656 4036 ef,
674 3979 861 4047 Dittenberger
878 3979 941 4047 Syll.
959 3977 1005 4032 Νι.
1024 3979 1049 4031 6.

247 4062 270 4132 ³)
296 4081 317 4118 ι.
336 4061 488 4133 ν.[1ίγρτ,ςι
511 4061 557 4128 Π.,
581 4059 638 4132 Καρ
662 4064 712 4118 dat
730 4062 949 4132 Ἀλιιιαρναοσοῦ,
973 4063 1081 4132 ἀδιλφδς
1107 4057 1267 4131 Ἀρτεμισίας
1291 4063 1336 4127 τῆς
1355 4059 1381 4112 tv
1399 4066 1455 4118 τοῖς

161 4149 281 4217 πολέμοις
299 4149 446 4219 διαφανοῦς,
465 4147 614 4203 Μαυσώλου
632 4149 750 4218 γυναικός
769 4190 776 4203 .
795 4191 800 4203 .
820 4189 827 4204 .
847 4190 853 4203 .
873 4191 878 4202 .
898 4189 904 4202 .
923 4151 1016 4220 ἔγραψε
1036 4189 1042 4202 .
1061 4188 1068 4201 .
1087 4189 1094 4201 .
1112 4145 1394 4218 Βατραχομυομαχίαν.

246 4234 269 4302 ⁴)
289 4236 357 4290 Her.
371 4237 427 4301 Vll,
443 4237 490 4289 99:
510 4235 562 4288 τῶν
581 4238 627 4302 μίν
646 4253 690 4287 νιιν
708 4234 796 4288 ἄλλων
815 4235 845 4289 οὺ
863 4238 1066 4305 παραμέμνημαι
1083 4233 1244 4303 ταξιαρχίιον
1263 4233 1298 4290 ὡς
1317 4231 1365 4284 οὐκ
1380 4233 1455 4300 ἀναγ-

160 4321 310 4386 καζόμενος,
329 4319 490 4391 Ἀρτεμισίης
508 4322 543 4386 te,
562 4324 608 4392 τῆς
627 4322 736 4388 μάλιστα
752 4321 831 4388 θῶμα
843 4323 963 4388 ποιεῦμαι
977 4320 1018 4373 ἐπὶ
1032 4322 1080 4388 τὴν
1094 4316 1211 4374 Ἐλλάδα
1227 4321 1455 4386 στρατευσαμένης,

161 4406 278 4474 γυναυιδς
295 4403 352 4476 ἥτις
369 4407 546 4467 ἀποθανόντος
565 4410 610 4460 τοῦ
629 4405 720 4476 ἀνδρὸς
738 4407 803 4476 αὐτή
821 4425 848 4460 τι
867 4407 963 4478 ίχουοα
981 4409 1027 4475 τὴν
1051 4406 1186 4474 τυραννίδα
1210 4407 1254 4458 καί
1270 4402 1358 4462 παιδὸς
1377 4403 1454 4473 landp-

162 4509 254 4562 χοντος
272 4494 380 4562 νιηνίιω
399 4492 448 4546 tat
466 4493 582 4562 λήματίς
599 4511 627 4545 τι
644 4493 688 4545 sai
706 4493 829 4563 ἀνδρηίης
848 4493 1011 4560 desperabam
1030 4492 1150 4562 οδδιμιής
1164 4491 1254 4562 δούσης
1269 4491 1293 4543 οί
1306 4489 1455 4561 ἀναγκαίης.
