3604 5288
706 307 918 370 ,31-

168 499 244 542 usus
272 478 400 558 ineptis,
446 477 531 542 Nam
553 477 653 541 verba
680 479 818 561 γενέσθαι
845 480 879 542 δὲ
907 480 983 542 κατὰ
1010 478 1158 542 Πανύασιν
1179 483 1239 548 τοῖς
1262 479 1388 563 χρόνυις,
1412 481 1459 543 ἐπὶ
1552 492 1554 498 ’
1599 523 1602 530 ·

163 585 197 647 δὲ
224 583 283 648 τῶν
307 581 461 665 Περσικῶν
485 582 639 662 ὀλυμπιάδι
668 580 712 645 oe'
743 583 894 646 νεανίσκον
922 571 980 666 ἤδη
1010 580 1084 645 εἶναι
1094 578 1118 663 ¹)
1148 598 1216 643 non
1242 580 1459 662 intellegenda

164 688 250 762 sunt,
281 684 375 765 quasi
396 683 459 748 loci
488 686 582 765 parte
611 684 792 764 posteriore
821 683 910 766 prior
940 682 1139 764 explanetur.
1167 702 1241 746 eum
1267 682 1356 763 prior
1382 703 1458 767 pars

165 788 208 852 ad
231 787 416 852 Choerilum
439 786 587 850 Samium
610 786 747 868 epicum,
769 786 930 868 posterior
953 785 995 849 ad
1018 783 1204 850 Choerilum
1224 785 1458 850 Atheniensem

167 889 324 954 comicum
351 893 485 972 spectet,
517 889 573 970 qui
600 893 632 952 et
659 889 747 971 apud
776 890 912 954 Suidam
939 891 972 952 et
998 888 1086 970 apud
1107 887 1286 953 Eudociam
1308 908 1381 952 cum
1403 889 1457 952 illo

167 993 319 1058 confusus
341 991 436 1075 est.2)
481 992 549 1057 Nec
571 992 649 1056 certi
671 992 850 1074 quidquam
867 992 969 1056 verba
991 994 1038 1056 ἐπὶ
1060 993 1094 1056 δὲ
1115 995 1173 1055 τῶν
1197 993 1349 1076 Περσικῶν
1372 995 1458 1077 ὀλυρ-

163 1099 243 1162 πιάδι
265 1103 309 1160 σε’
332 1095 460 1172 docent,
485 1095 564 1158 dum
582 1095 741 1160 incertum
764 1099 823 1172 est,
847 1094 925 1176 quid
947 1094 1048 1158 verba
1070 1096 1117 1158 ἐπὶ
1139 1096 1198 1158 τῶν
1221 1096 1373 1180 Περσικῶν
1397 1096 1458 1159 sibi

163 1199 272 1264 velint.
322 1198 408 1262 Nam
438 1198 569 1279 saepius
600 1198 687 1280 apud
718 1198 854 1262 Suidam
883 1197 1075 1278 olympiadis
1104 1216 1274 1275 numerus,
1310 1198 1458 1279 quamvis

164 1303 206 1365 ab
236 1302 276 1364 iis
302 1301 410 1364 verbis
445 1321 530 1382 quae
564 1300 761 1365 antecedunt
793 1301 968 1381 discrepet,
1003 1300 1097 1381 quasi
1131 1300 1327 1381 explanandi
1360 1321 1459 1366 causa

165 1422 317 1486 perverse
347 1403 476 1468 additus
507 1401 603 1486 est.3)
654 1403 801 1467 Eandem
835 1403 878 1466 oh
913 1421 1046 1467 causam
1077 1405 1201 1467 certum
1231 1409 1458 1484 argumentum

168 1507 241 1570 duci
263 1525 330 1570 non
351 1509 460 1588 potest
482 1527 500 1570 e
522 1507 630 1570 verbis
654 1506 821 1587 conuptis,
845 1525 977 1586 quaes.
997 1526 1027 1568 ν.
1050 1504 1162 1589 Χάρων
1185 1505 1349 1586 leguntur:
1380 1511 1459 1590 γενό-

168 1633 254 1694 μενος
277 1610 352 1673 κατὰ
374 1613 423 1672 τδν
445 1611 560 1694 πρῶτον
579 1611 705 1693 Δαρεῖον
729 1611 777 1673 σθ’
802 1611 966 1693 ὀλυμπιάδι,
990 1611 1103 1692 μάλλον
1127 1610 1160 1673 δὲ
1183 1605 1217 1693 ἦν
1240 1611 1287 1672 ἐπὶ
1308 1611 1366 1673 τῶν
1385 1612 1459 1690 Περ·

165 1715 254 1778 σικῶν
277 1714 352 1776 κατὰ
373 1715 425 1796 τὴν
448 1716 491 1777 σε’
516 1714 690 1795 ὀλυμπιάδα.
736 1711 858 1775 Addita
887 1711 973 1775 enim
1001 1712 1101 1775 verba
1129 1714 1177 1776 otl‘
1201 1715 1357 1797 ὀλυμπιάδι
1385 1733 1458 1778 cunr

165 1815 204 1878 iis
227 1835 312 1896 quae
341 1814 538 1878 antecedunt
560 1815 701 1878 maxime
724 1814 919 1895 discrepant.
974 1814 1094 1878 Suidae
1116 1834 1194 1879 vero
1223 1834 1301 1880 usus
1324 1816 1367 1880 ad
1389 1836 1459 1882 rem

165 1921 311 1982 nostram
329 1917 578 1999 disceptandam
594 1917 673 1980 nihil
685 1917 780 1981 valet.
817 1917 909 1994 Quae
926 1918 1011 1981 enim
1028 1917 1115 1997 apud
1133 1917 1268 1982 Suidam
1285 1919 1458 1983 verborum

165 2024 212 2086 ἐπὶ
234 2023 292 2085 τῶν
315 2023 467 2106 Περσικῶν
495 2019 644 2100 exempla
671 2020 893 2102 inveniuntur,
922 2040 988 2084 non
1018 2020 1128 2084 omnia
1156 2020 1236 2085 talia
1265 2025 1340 2085 sunt
1361 2026 1397 2086 ut
1420 2042 1459 2086 ex

165 2124 203 2186 iis
230 2123 307 2204 ipsis
337 2126 508 2204 appareat,
535 2123 624 2204 quod
651 2127 781 2205 tempus
803 2123 859 2187 illa
880 2123 981 2187 verba
1003 2122 1192 2204 significent.
1200 2121 1228 2205 ¹¹)
1272 2123 1321 2187 Ac
1342 2143 1401 2204 per
1424 2145 1459 2188 se

167 2225 300 2289 dubium
329 2230 394 2304 est,
430 2226 618 2307 aequalisne
634 2227 735 2307 ,apud
765 2226 916 2304 Suidam,
953 2225 1073 2307 quippe
1103 2225 1158 2306 qui
1187 2225 1326 2289 aliorum
1355 2227 1458 2290 soleat

166 2329 267 2392 uerba
294 2329 444 2406 reddere,
474 2329 602 2394 illorum
632 2330 806 2395 verborum
834 2349 914 2393 usus
943 2329 1095 2392 omnibus
1124 2327 1203 2392 locis
1233 2327 1284 2392 sit.
1335 2329 1459 2393 Eadem

169 2431 278 2512 opinio
307 2431 555 2515 Tzschirner05)
585 2433 759 2496 obversata
791 2435 840 2495 est
871 2431 990 2495 dicenti
1022 2451 1089 2496 non
1120 2431 1255 2496 Suidam
1290 2432 1353 2496 hoe
1385 2432 1458 2496 loco

167 2534 267 2597 verba
289 2537 335 2598 ἐπὶ
357 2539 414 2599 τῶν
433 2536 583 2621 Περσικῶν
607 2535 650 2599 ad
672 2555 801 2616 pugnae
817 2535 1042 2600 Marathoniae
1061 2539 1191 2617 tempus
1203 2535 1375 2612 rettulisse,
1400 2537 1457 2600 sed

164 2638 338 2701 verborum
364 2642 541 2714 auctorem,
571 2659 668 2720 quem
691 2638 809 2703 Suidas
839 2642 1038 2718 sequeretur.
1090 2638 1205 2719 ltaque
1237 2639 1459 2718 quaerendum

165 2759 233 2803 non
263 2743 322 2816 est,
349 2741 437 2821 quod
466 2745 596 2823 tempus
625 2742 725 2806 verbo
755 2744 792 2806 τὰ
814 2743 945 2826 Περσικά
975 2741 1063 2822 apud
1086 2741 1221 2804 Suidam
1252 2741 1458 2821 significetur,

166 2841 224 2905 sed
246 2842 335 2923 quod
358 2863 396 2906 eo
420 2837 592 2924 significari
613 2844 747 2907 omnino
770 2843 882 2924 possit.
986 2851 989 2858 '
1349 2841 1352 2848 ’
1478 2903 1481 2910 .

252 2945 349 3009 Cuius
369 2947 460 3010 verbi
475 2965 549 3010 eum
564 2946 638 3010 talis
661 2946 771 3010 sitris
794 2966 832 3010 ac
854 2950 971 3035 natura
991 2951 1037 3024 ut,
1061 2945 1219 3027 quidquid
1241 2947 1459 3028 appellatione

168 3067 275 3112 rerum
294 3049 499 3113 Persicorum
522 3049 816 3130 comprehenditur,
840 3069 878 3113 eo
897 3048 1070 3130 significari
1084 3049 1197 3130 possit,
1220 3050 1254 3113 id
1270 3051 1312 3113 ad
1329 3054 1458 3132 tempus

166 3150 327 3215 bellorum
343 3152 427 3217 inter
442 3153 560 3216 Persas
579 3156 611 3216 et
628 3152 767 3216 Graecas
784 3156 953 3232 gestorum
967 3151 1079 3217 referri
1095 3155 1205 3233 potest
1221 3156 1253 3215 et
1270 3157 1459 3216 cunctorum

167 3256 199 3317 et
222 3253 436 3335 complurium
463 3257 496 3317 et
523 3255 732 3336 singulorum.
783 3254 849 3318 Sed
872 3255 1040 3335 quodnam
1061 3255 1179 3318 horum
1200 3258 1386 3336 temporum
1408 3256 1457 3318 in-

165 3355 384 3437 tellegendum
417 3358 473 3435 sit,
512 3358 575 3421 nisi
608 3357 671 3422 alio
713 3357 814 3422 modo
839 3358 981 3439 planius
1022 3356 1233 3438 significatur,
1272 3375 1333 3437 pro
1366 3361 1459 3421 tanta

164 3458 306 3522 notionis
335 3459 492 3524 varietate
521 3480 618 3524 nemo
650 3461 731 3525 seire
759 3464 879 3542 potest.
931 3459 1002 3524 Hoc
1031 3459 1126 3540 igitur
1153 3458 1253 3523 verbo
1277 3458 1343 3522 sive
1366 3463 1458 3523 aetas

166 3560 304 3625 dicenda
326 3565 396 3625 erat
417 3563 501 3627 inter
523 3563 716 3628 seditionem
732 3563 874 3627 lonicam
898 3565 931 3626 et
949 3561 1093 3626 Cimonis
1111 3565 1251 3627 mortem
1268 3561 1459 3642 interposita

166 3663 233 3728 sive
255 3667 345 3729 aetas
369 3666 610 3746 expeditionum
634 3686 653 3729 a
669 3666 775 3730 Dareo
799 3669 830 3730 et
847 3665 954 3729 Xerxe
975 3665 1010 3728 in
1026 3664 1195 3728 Graeciam
1213 3663 1372 3727 factarum
1391 3664 1458 3728 sive

165 3770 294 3848 tempus
316 3787 444 3848 pugnae
466 3767 705 3845 Marathoniae,
733 3788 785 3832 res
811 3768 881 3832 fieri
903 3787 975 3831 non
993 3769 1121 3848 poterat
1144 3767 1221 3847 quin
1244 3767 1306 3830 loci
1328 3766 1458 3847 reliquis

254 3988 275 4056 ¹)
300 3977 376 4043 Suid.
395 4007 416 4044 s.
429 4007 460 4043 .ν.
481 3989 607 4059 Χοίριλσς,

252 4075 275 4142 ²)
305 4075 363 4130 Hoc
379 4076 450 4130 infra
468 4075 726 4130 demonstrabimus.
762 4077 795 4130 cf.
813 4092 840 4143 p.
858 4077 969 4130 38-40.

251 4159 274 4227 ³)
300 4161 340 4215 De
357 4162 455 4216 hac·re
472 4163 543 4216 inira
561 4163 730 4216 disseremus.
767 4162 799 4216 cf.
818 4179 844 4230 p.
863 4163 905 4214 37.

253 4243 275 4314 ⁴)
304 4246 401 4300 Suidae
428 4248 498 4302 vitas
525 4253 680 4316 persecutus
707 4249 749 4302 his
776 4248 842 4302 locis
867 4248 990 4316 exempla
1014 4247 1115 4301 inveni:
1145 4265 1166 4300 s.
1191 4263 1216 4303 ν.
1243 4249 1265 4300 1.
1291 4246 1457 4311 Artemisiae,

165 4329 189 4382 λ.
205 4329 350 4396 coronidis,
366 4333 389 4385 3.
405 4332 526 4399 Choerili,
545 4335 570 4387 4.
585 4333 724 4398 Charonis,
742 4335 766 4386 5.
780 4333 941 4401 Epicharmi,
960 4335 984 4386 6.
999 4333 1136 4398 Hellanici,
1154 4335 1177 4386 7.
1193 4332 1318 4400 Hippyis,
1331 4333 1355 4385 8,
1371 4333 1457 4399 Pany-

166 4416 271 4481 assidis,
289 4418 314 4471 9.
333 4417 474 4485 Phrynidis
492 4418 570 4486 (κατὰ
588 4420 619 4471 τόι
638 4417 763 4489 Μηδικά).

253 4501 276 4571 5)
303 4503 320 4556 l.
340 4520 362 4556 c.
380 4521 406 4572 p.
427 4506 467 4557 16.
