3604 5288
813 299 1024 364 ,Ἱμ-

274 491 382 538 rerum
415 491 453 535 ac
485 470 662 535 recentium
694 469 914 552 magnitudine
943 471 1177 535 obscurabatur
1208 470 1410 552 Choerilique
1439 469 1564 536 Perseis

274 575 399 638 animos
421 575 564 652 tenebat,
586 573 762 639 Heracleae
784 577 969 654 temporum
991 574 1233 655 opportunitate
1256 574 1419 639 carebant.
1452 573 1565 654 Itaque

274 695 339 758 quo
361 675 464 758 magis
487 675 625 741 Choerili
647 675 820 740 auctoritas
842 675 1005 754 minuitur,
1024 696 1063 740 eo
1082 677 1183 758 magis
1201 675 1404 759 Panyassidis
1424 675 1564 741 auctori·

273 782 376 844 tatem
403 780 550 844 videmus
579 777 702 860 augeri,
736 777 790 860 qui
821 778 966 842 Platonis
1000 782 1120 858 aetate,
1155 799 1229 844 cum
1262 778 1400 844 Choerili
1434 797 1564 843 carmen

274 902 401 946 summa
422 883 518 946 laude
540 880 658 958 floruit,
680 881 788 946 multis
809 880 966 962 placuisse
988 901 1055 946 non
1077 886 1194 963 potest.
1238 882 1323 946 Nam
1351 882 1464 944 contra
1491 899 1564 944 om-

273 985 364 1050 nium
393 986 460 1050 lere
487 984 638 1049 iudicium
665 1003 685 1046 a
709 983 845 1048 Platone
868 983 1035 1050 Choerilus
1056 985 1251 1049 Antimacho
1281 983 1478 1066 postpositus
1506 987 1564 1060 est,

274 1107 371 1170 quem
390 1087 466 1152 artis
484 1086 630 1169 poeticae
648 1085 773 1150 ratione
791 1087 977 1169 Panyassidi
995 1087 1212 1169 propinquum
1231 1086 1328 1151 tuisse
1347 1085 1563 1167 cognovimus.

273 1191 381 1272 Atque
411 1190 509 1254 etiam
535 1189 664 1254 Duridis
694 1192 727 1255 et
757 1188 943 1254 Callimachi
954 1189 977 1268 ¹)
1007 1192 1114 1254 aetate
1143 1209 1202 1272 pro
1232 1190 1318 1253 malo
1347 1187 1564 1252 existimatore

274 1293 472 1371 habebatur,
504 1291 558 1375 qui
580 1291 730 1356 Choerilo
752 1292 981 1358 Antimachum
1015 1294 1244 1374 anteponehat.
1297 1293 1334 1356 ln
1368 1290 1564 1373 optimorum

274 1398 384 1459 autem
406 1395 571 1476 epicorum
592 1415 764 1459 numerum
785 1396 954 1478 Panyassis
977 1399 1009 1461 et
1030 1395 1242 1460 Antimachus
1267 1414 1335 1459 non
1361 1393 1453 1459 relati
1479 1397 1564 1470 sunt,

274 1498 351 1580 quin
374 1497 540 1564 Choerilus
562 1497 880 1579 praetermitteretur.

360 1602 444 1665 Hinc
472 1601 551 1666 satis
580 1605 730 1682 apparet,
760 1619 860 1681 quam
893 1601 1027 1665 dubium
1061 1601 1117 1678 sit,
1149 1619 1230 1664 num
1263 1600 1342 1681 quid
1374 1599 1565 1682 Panyassidi

275 1703 443 1768 Choerilus
459 1704 493 1767 in
504 1708 572 1768 arte
585 1703 714 1784 poetica
724 1703 882 1782 debuerit,
899 1723 997 1785 quem
1009 1704 1031 1767 ii
1047 1703 1179 1785 quidem
1189 1702 1397 1785 Panyassidis
1414 1702 1563 1783 exemplo

273 1825 342 1870 non
357 1806 532 1886 impulsum
547 1805 778 1883 iudicaverunt,
801 1807 855 1887 qui
876 1825 933 1871 eos
952 1806 1195 1871 arbitrabantur
1213 1809 1320 1869 aetate
1339 1805 1439 1869 luisse
1457 1823 1563 1886 pares.

274 1909 378 1973 Immo
398 1908 577 1985 Choerilus,
593 1901 620 1971 si
638 1908 738 1971 modo
755 1910 918 1990 cognitum
929 1909 1020 1974 illum
1037 1909 1162 1986 habuit,
1182 1907 1315 1973 consilio
1334 1908 1368 1972 in
1387 1907 1466 1972 artis
1483 1926 1564 1988 poe-

273 2013 356 2076 ticae
385 2012 511 2076 ratione
533 2011 602 2075 eius
628 2011 831 2077 adversarius
859 2014 1019 2077 exstitisse
1045 2012 1210 2094 putandus
1239 2015 1306 2088 est,
1333 2014 1369 2075 ut
1399 2010 1442 2074 ad
1469 2029 1564 2074 suum
1608 2021 1612 2026 ·

274 2115 443 2179 arbitrium
464 2114 645 2179 inauditam
667 2134 705 2179 ac
727 2116 913 2180 recentioris
936 2115 1092 2197 temporis
1115 2115 1287 2180 materiam
1315 2112 1455 2178 carmine
1477 2116 1565 2176 trac-

273 2218 362 2282 tavit.
397 2218 510 2299 Itaque
526 2217 587 2281 etsi
597 2216 771 2299 Panyassis
785 2219 977 2283 exstinctam
991 2218 1107 2300 poesin
1123 2219 1249 2299 epicam
1259 2234 1423 2281 recreasse
1439 2214 1565 2290 dicitur,

274 2323 385 2384 tamen
414 2340 474 2401 pro
504 2323 593 2384 certo
626 2318 705 2382 nihil
738 2321 876 2401 amplius
909 2321 1023 2385 haberi
1055 2324 1164 2401 potest
1192 2319 1254 2384 nisi
1281 2319 1365 2383 inter
1385 2316 1564 2399 Panyassin

274 2426 307 2486 et
329 2423 438 2503 epicos
461 2421 644 2503 superiores
666 2423 808 2502 spatium
830 2423 956 2504 longius
978 2423 1199 2490 intermissum
1223 2441 1304 2486 esse.

361 2524 481 2587 Contra
510 2525 734 2602 Antimachus,
763 2525 841 2606 quin
870 2525 1049 2607 Panyassin
1077 2524 1171 2605 quasi
1201 2523 1367 2605 exemplar
1396 2523 1458 2587 sibi
1485 2541 1563 2603 pro-

273 2625 418 2706 posuerit
445 2626 619 2707 multisque
645 2627 678 2690 in
703 2628 800 2691 rebus
822 2627 965 2692 imitatus
988 2627 1044 2706 sit,
1073 2627 1214 2691 dubitari
1236 2646 1303 2691 non
1324 2630 1449 2707 potest,
1481 2644 1563 2706 quo-

273 2728 363 2793 niam
389 2727 533 2794 imitator
562 2730 630 2793 eius
660 2729 703 2793 ab
732 2725 810 2811 ipsis
838 2731 1001 2795 veteribus
1029 2730 1159 2812 suisque
1187 2729 1377 2811 aequalibus
1403 2728 1563 2792 iudicatus

274 2834 333 2895 est.
377 2831 426 2895 Ac
452 2833 560 2912 plures
592 2832 660 2897 eius
693 2833 872 2898 unitatores
905 2832 1023 2898 tuerint
1055 2833 1110 2896 illo
1143 2837 1305 2914 ternpore,
1339 2851 1413 2896 cum
1444 2833 1565 2911 poetae

274 2934 392 3015 egregii
412 2934 509 2999 laude
531 2935 651 3000 florens
674 2936 707 2999 in
729 2955 888 3000 canonem
909 2935 1203 3000 Alexandrinorum
1224 2938 1373 3016 receptus
1396 2937 1454 2999 est.

360 3037 425 3101 Sed
448 3038 595 3119 quamvis
617 3057 737 3119 magna
759 3039 846 3120 apud
868 3043 983 3120 poetas
1003 3042 1034 3103 et
1053 3038 1282 3120 grammaticos
1300 3037 1475 3102 auctoritas
1495 3035 1564 3100 eius

274 3139 379 3217 tuerit,
401 3143 513 3204 tamen
536 3161 556 3204 a
579 3141 693 3204 ceteris
715 3160 782 3205 non
804 3142 944 3205 multum
964 3142 1066 3206 lectus
1088 3141 1215 3206 videtur
1237 3161 1318 3206 esse.
1356 3141 1392 3204 ld
1415 3139 1501 3204 enim
1524 3157 1564 3202 ex

273 3242 374 3323 ipsius
400 3242 551 3307 carminis
574 3243 615 3306 ab
640 3262 679 3307 eo
703 3244 812 3325 scripti
834 3247 951 3308 natura
978 3244 1230 3325 intellegendum
1253 3248 1313 3320 est,
1335 3262 1409 3307 cum
1425 3241 1563 3306 elocutio

200 3428 207 3437 ἢ
274 3364 372 3426 saepe
401 3345 586 3409 Antimachi
620 3365 711 3411 more
740 3346 837 3410 fuerit
866 3365 983 3427 aspera
1011 3347 1208 3428 minimeque
1239 3347 1391 3428 vulgariS,
1426 3344 1565 3409 materia

273 3451 412 3512 tractata
434 3449 475 3512 sit
498 3447 540 3511 ab
562 3448 633 3512 aliis
656 3449 775 3512 multis.
810 3449 849 3512 Et
870 3448 1075 3513 inveniuntur
1097 3449 1279 3530 fragmenta
1302 3451 1432 3512 servata
1453 3445 1565 3511 omnia

274 3549 361 3630 apud
384 3543 556 3631 scriptores
579 3554 635 3615 aut
656 3551 885 3632 grammaticos
908 3555 964 3615 aut
986 3551 1036 3615 his
1058 3551 1268 3632 propinquos.
1309 3551 1446 3632 Magnae
1469 3549 1564 3630 igitur

274 3671 312 3716 ac
335 3652 506 3717 diuturnae
528 3653 728 3718 auctoritatis
750 3657 850 3735 poeta
872 3653 931 3717 luit
953 3654 1135 3735 Panyassis,
1158 3654 1217 3718 sed
1238 3673 1356 3734 pamm
1377 3653 1489 3717 lectus.

363 3908 385 3977 ¹)
412 3909 523 3963 Proclus
541 3910 576 3963 ad
593 3909 734 3964 Timaeum
752 3909 771 3964 l.
791 3910 832 3963 28.
852 3909 879 3964 C.
911 3907 1082 3982 Ἡρακλείδης
1099 3904 1160 3980 γοῦν
1180 3909 1193 3963 ὁ
1212 3909 1336 3968 Ποντικός
1358 3927 1434 3982 φησιν
1452 3905 1563 3963 ὅτιτῶν

273 3993 394 4065 Χοιρίλου
408 3995 467 4047 τότε
481 3994 685 4062 εὐδοκιμούντων
703 3993 815 4048 Πλάτων
833 3997 865 4048 τὰ
879 3991 1037 4067 Ἀντιμάχου
1056 3995 1213 4065 aaronitae
1232 4036 1288 4052 ....
1309 3999 1394 4066 μάτην
1408 3990 1454 4050 οὖν
1468 3996 1562 4067 φληνα-

274 4083 347 4152 peior
366 4075 535 4152 Καλλίμαχος
553 4082 597 4134 καὶ
614 4077 703 4151 Δοῦρις
722 4081 759 4140 ὡς
777 4079 916 4140 Πλάτωνος
936 4081 983 4134 οὐκ
1000 4079 1075 4140 ὄντος
1093 4083 1181 4134 ἱκανοῦ
1199 4083 1291 4150 κρίνειν
1310 4083 1425 4152 ποιητάς.
