3604 5288
699 1348 1070 1467 Wmmffi.

330 1612 434 1677 Natus
456 1631 529 1675 sum
551 1610 622 1675 Kal.
644 1610 738 1676 Febr.
765 1611 846 1674 1857
869 1611 903 1674 in
929 1611 1010 1674 urba
1032 1610 1220 1687 Vimarana‚
1250 1609 1300 1674 cui
1329 1629 1451 1674 nomen
1485 1613 1534 1674 est

244 1715 406 1780 Naustadt
427 1733 470 1778 an
493 1714 551 1778 der
574 1713 660 1779 Oria.
704 1713 813 1778 Primo
836 1713 870 1777 in
891 1713 1010 1778 scholis
1037 1713 1179 1794 patriae,
1207 1716 1277 1777 tum
1308 1712 1341 1777 in
1368 1713 1535 1794 gymnasio

246 1817 441 1883 Schlcizensi
456 1817 599 1882 eruditus
616 1837 698 1881 sum.
732 1816 829 1881 Anno
851 1817 933 1880 1875
950 1816 1143 1880 maturitatis
1160 1815 1382 1880 testimonium
1397 1816 1535 1897 adeptus

246 1921 279 2006 in
302 1921 504 1985 academiam
530 1939 583 1983 me
613 1919 743 1984 contuli.
787 1920 868 1983 Tres
894 1938 999 1983 annos
1027 1920 1196 1984 lonensem
1223 1919 1438 2000 frequentavi,
1465 1923 1532 1982 tres

247 2020 491 2103 Gottingcnsc'm
518 2013 632 2085 studiis
666 2022 795 2086 deditus
817 2021 988 2103 philologis
1022 2026 1054 2086 et
1086 2021 1258 2098 historicis,
1291 2022 1334 2085 ad
1364 2041 1448 2103 quae
1481 2042 1535 2086 me

133 2123 135 2128 ’
247 2125 418 2208 praecipua
435 2124 646 2189 instituebant
659 2124 717 2188 viri
736 2123 914 2188 doctissimi
931 2124 1102 2188 Arthurius
1118 2124 1322 2205 Boethlingk,
1338 2124 1535 2189 Bcrtholdus

245 2228 435 2305 Delhrueck,
458 2227 592 2292 Carolus
611 2227 749 2308 Dilthey,
771 2227 925 2292 Alfredus
944 2228 985 2291 dc
999 2226 1198 2304 Gutschmid,
1217 2226 1388 2291 Heinricus
1406 2227 1535 2304 Nissen,

245 2331 390 2395 Erwinus
412 2330 546 2407 Rohde,
575 2330 713 2394 Adollus
744 2329 907 2408 Schmidt,
935 2329 1102 2394 Mauritius
1132 2328 1296 2406 Schmidt,
1326 2329 1535 2394 Hermannus

247 2434 388 2514 Sauppe,
399 2432 833 2513 DietricusSchaefcr,lulius
845 2433 1057 2497 Weizsacker.
1080 2432 1224 2496 Primum
1238 2451 1351 2496 corum
1363 2451 1534 2509 annorum,

245 2529 327 2618 quos
349 2536 445 2600 Ionae
462 2539 681 2600 commoratus
698 2555 780 2612 sum,
793 2535 983 2599 militabam.
1018 2535 1208 2615 Complures
1228 2554 1331 2598 annos
1343 2534 1450 2598 studia
1461 2555 1536 2598 mea

142 2719 144 2723 Ι
244 2641 360 2704 morbo
378 2638 527 2703 iacebant
548 2638 728 2720 interrupta
749 2642 805 2702 aut
827 2639 993 2719 impedita.
1037 2638 1133 2701 Anno
1161 2639 1241 2702 1885
1265 2637 1307 2701 ad
1329 2638 1532 2719 gymnasium

245 2742 368 2823 regium
394 2741 557 2806 Vcrdcnse
580 2741 747 2822 delegatus
770 2745 868 2822 atque
890 2740 966 2804 hinc
989 2721 1106 2804 codem
1125 2759 1212 2804 anno
1239 2743 1373 2804 vocatus
1396 2759 1470 2803 sum
1493 2739 1536 2802 ad

246 2843 335 2908 urbis
372 2843 588 2908 Harmovcrae
626 2843 828 2925 gymnasium
868 2843 1006 2924 regium,
1048 2843 1136 2923 quod
1176 2843 1292 2907 dicitur
1331 2843 1535 2923 imperatoris

247 2945 422 3024 Guilielmi,
445 2946 534 3010 cuius
557 2947 785 3028 magistrorum
807 2945 840 3009 in
861 2964 998 3009 numero
1022 2944 1207 3009 etiamnunc
1229 2965 1311 3009 sum.
