3604 5288
710 329 922 392 „51-

166 499 259 580 quod
282 499 445 580 cognitum
467 499 564 564 luisse
586 499 714 576 scimus,
737 519 810 563 cum
834 500 924 581 epiro
947 500 1053 566 minor
1072 500 1153 564 alter
1169 500 1339 583 Panyassis
1357 501 1463 566 nomi-

165 605 275 667 netur.
310 601 432 666 Contra
454 603 517 668 hoc
538 602 719 679 discrimen,
737 621 809 667 curn
827 603 869 667 de
885 603 965 685 epici
983 606 1089 668 aetate
1105 603 1327 667 testimonium
1346 604 1464 685 duplex

166 705 306 770 relatum
324 704 374 782 sit,
397 705 522 786 neglegi
544 704 660 786 potuit,
683 704 709 769 si
732 705 764 770 in
787 706 925 770 alterum
948 705 1168 771 testimonium
1191 706 1259 770 eius
1282 706 1337 788 qui
1358 706 1465 771 minor

167 808 230 872 fuit
259 811 349 873 aetas
378 808 600 873 conveniebat.
653 808 786 874 Confusi
813 809 907 891 igitur
935 811 960 875 si
982 809 1027 872 illi
1052 809 1138 873 hanc
1159 810 1234 872 suni
1257 810 1299 872 ob
1323 828 1463 886 causam,

167 909 370 975 somniorum
386 910 576 992 scriptorem
592 914 628 975 ut
650 911 809 977 minorem
825 917 954 994 oporiet
976 913 1093 977 eodem
1115 915 1262 993 tempore
1284 910 1408 988 vixisse,
1431 910 1464 975 in

168 1032 235 1095 quo
256 1013 364 1094 epicus
382 1013 463 1078 falso
482 1013 606 1094 positus
629 1015 686 1077 est.
721 1015 828 1093 Quare
845 1015 1021 1098 Panyassin
1042 1014 1200 1079 minorem
1223 1015 1392 1095 probabile
1416 1019 1464 1079 est

168 1117 202 1180 in
213 1116 330 1180 Dioclis
341 1115 408 1180 filio
419 1117 530 1194 latere,
542 1136 640 1197 quem
651 1117 746 1182 Duris
758 1138 830 1182 cum
842 1117 1038 1201 Panyasside
1049 1116 1218 1200 Polyarchi
1229 1118 1295 1182 lilio
1307 1118 1462 1183 confudit.

256 1221 299 1283 At
334 1220 418 1284 enim
452 1218 634 1284 exscribens
668 1240 765 1285 nemo
798 1221 927 1287 videtur
960 1240 1016 1286 eos
1050 1220 1243 1298 confudisse,
1277 1221 1330 1302 qui
1361 1222 1463 1285 multo

170 1321 276 1403 potius
302 1321 472 1386 videantur
499 1321 563 1385 iam
590 1323 771 1405 antiquiore
802 1327 949 1406 tempore
978 1324 1038 1388 viri
1067 1324 1154 1388 docti
1182 1324 1314 1388 alicuius
1345 1344 1384 1388 ex
1414 1324 1463 1387 iu-

175 1425 259 1489 dicio
281 1429 378 1506 atque
402 1445 510 1491 errore
532 1426 666 1490 confusi.
699 1428 842 1492 Primum
867 1428 952 1492 enim
973 1428 1189 1512 τερατοσκόπος
1209 1427 1354 1504 verbum,
1377 1427 1467 1508 quod

170 1527 318 1610 Hesychii
337 1529 538 1611 temporibus
558 1530 743 1594 obsoletum
765 1534 797 1596 et
815 1533 1011 1616 ὀνειροκρίτης
1032 1532 1133 1595 verbo
1156 1530 1317 1594 redditum
1342 1550 1463 1612 cogno·

170 1631 324 1708 verinrus,
356 1651 423 1696 non
453 1631 495 1696 ad
525 1651 632 1698 serum
663 1633 852 1713 scriptorem
881 1633 1008 1698 videtur
1040 1632 1155 1698 redire.
1210 1633 1343 1697 Accedit
1375 1653 1463 1711 vero,

170 1735 259 1816 quod
282 1734 440 1816 opinionis
461 1735 544 1798 illius
565 1755 746 1816 perversae,
770 1755 853 1818 quae
872 1736 913 1800 de
931 1736 1011 1818 epici
1029 1739 1136 1800 aetate
1155 1735 1224 1814 fuit,
1243 1736 1357 1800 ultima
1374 1737 1463 1818 origo

169 1837 230 1901 nisi
253 1858 270 1901 e
293 1838 420 1902 duobus
441 1838 690 1920 Panyassidibus
713 1839 853 1904 confusis
871 1839 1011 1921 intellegi
1030 1859 1099 1903 non
1116 1841 1234 1920 potest.
1269 1839 1464 1921 Quanquam

171 1940 256 2004 enim
286 1939 470 2005 etiamnunc
496 1941 700 2022 perspicuum
729 1946 777 2006 est
804 1947 976 2024 propterea
1005 1943 1046 2007 ol.
1071 1943 1112 2006 88
1135 1941 1293 2007 delectam
1318 1963 1402 2020 esse,
1431 1943 1464 2007 in

170 2062 235 2124 qua
264 2043 326 2107 flos
347 2043 550 2125 Panyassidis
580 2044 661 2125 epici
689 2049 878 2125 poneretur,
918 2046 1006 2126 quod
1031 2046 1119 2109 idem
1149 2044 1289 2109 Choerili
1321 2045 1464 2128 aequalis

169 2146 419 2228 Antimachique
447 2146 599 2228 magister
625 2147 707 2211 falso
736 2148 925 2228 putabatur,
954 2152 1066 2212 tamen
1098 2148 1320 2229 quaerendum
1352 2151 1463 2227 restat,

169 2249 257 2313 unde
279 2249 330 2314 hic
353 2269 441 2314 error
464 2252 553 2314 ortus
575 2250 625 2313 sii.
667 2249 765 2315 Cuius
788 2250 903 2315 erroris
925 2251 995 2315 sola
1017 2251 1149 2332 quidem
1172 2269 1268 2315 causa
1290 2251 1463 2315 ludibrium

169 2351 265 2416 illius
282 2353 465 2417 fabularum
497 2352 674 2433 scriptoris,
708 2352 763 2434 qui
795 2353 1025 2418 Antimachum
1046 2353 1249 2436 Panyassidis
1283 2353 1463 2418 ministrum

170 2455 304 2533 induxit,
327 2456 425 2520 fuisse
447 2475 515 2519 non
540 2459 659 2537 potest.
704 2455 744 2519 Et
766 2455 921 2538 quoniam
942 2458 1046 2535 Duris,
1074 2457 1163 2521 cuius
1184 2457 1217 2520 in
1239 2460 1389 2538 tempora
1410 2455 1464 2520 ille

171 2578 260 2623 error
283 2559 441 2636 convenit,
464 2559 532 2640 ipse
554 2559 731 2642 Panyassin
753 2560 921 2642 Polyarchi
943 2560 1043 2624 filiurn
1067 2580 1140 2624 cum
1161 2559 1279 2624 Dioclis
1298 2560 1364 2624 filio
1385 2579 1463 2624 con·

169 2661 262 2740 ludit,
284 2661 370 2726 idern
392 2662 518 2726 videtur
541 2662 666 2744 epicum
689 2666 721 2726 et
743 2663 943 2726 somniorum
965 2663 1154 2745 scriptorem
1173 2662 1367 2728 confudisse.
1420 2663 1464 2727 Ut

171 2765 256 2829 enim
286 2765 447 2843 Samium,
487 2785 553 2829 non
582 2765 862 2830 Halicamasseum
891 2766 986 2830 Duris
1014 2766 1132 2829 Dioclis
1168 2766 1270 2830 filium
1307 2766 1464 2843 nominet,

170 2868 271 2932 altero
283 2867 377 2932 huius
389 2868 554 2949 scriptoris
574 2887 682 2931 errore
697 2868 890 2945 factumest,
908 2888 1006 2949 quem
1017 2867 1077 2949 ipsi
1087 2872 1213 2933 veteres
1226 2868 1463 2932 intellexerunt.

169 2971 251 3034 Nam
282 2970 399 3034 additis
424 2969 530 3034 verbis
562 2972 672 3055 ὁμοίως
705 2973 739 3035 δὲ
772 2974 822 3036 καὶ
853 2971 1018 3056 Ἡρόδοτον
1052 2975 1101 3037 τὸν
1136 2972 1260 3056 Θούριον
1293 2970 1464 3052 panyassis

169 3073 286 3138 Dioclis
307 3074 391 3137 tilius
413 3073 509 3154 plane
531 3073 795 3138 Halicarnasseus
816 3073 984 3152 indicatur,
1014 3079 1050 3138 ut
1073 3075 1114 3138 de
1136 3074 1240 3156 patria
1263 3074 1463 3138 somniorum

169 3177 341 3257 scriptoris,
369 3197 465 3258 quem
493 3179 592 3241 testes
621 3197 733 3242 omnes
756 3177 1037 3242 Halicamasseum
1059 3177 1233 3259 appellent,
1255 3177 1344 3242 nulla
1367 3176 1462 3240 dubi-

169 3279 249 3344 tatio
272 3279 368 3344 fuisse
391 3283 507 3360 potest.
546 3279 707 3356 Quoniam
730 3285 839 3345 autem
863 3282 904 3346 de
927 3282 1007 3364 epici
1030 3285 1137 3346 aetate
1160 3282 1241 3346 falsa
1260 3280 1369 3362 opinio
1393 3279 1463 3357 luit,

171 3402 210 3446 ex
232 3401 296 3464 qua
318 3383 370 3446 ille
393 3383 426 3446 in
455 3387 602 3465 tempore
632 3384 810 3466 posteriore
832 3388 1022 3466 poneretur,
1052 3385 1222 3466 Panyassis
1251 3385 1359 3449 minor
1389 3403 1463 3447 cum

168 3485 366 3567 Panyasside
389 3488 481 3569 epico
504 3487 537 3551 in
559 3508 660 3552 unum
683 3489 873 3552 coniunctus
895 3487 1044 3569 illiusque
1068 3491 1158 3552 aetas
1185 3488 1218 3551 in
1245 3487 1333 3551 hunc
1355 3491 1462 3550 trans·

168 3589 235 3653 lata
252 3589 379 3654 videtur
398 3589 573 3672 aliquando
590 3591 698 3656 fuisse.
728 3589 873 3671 Denique
891 3610 969 3654 vero
990 3591 1058 3655 sine
1077 3591 1141 3654 ulla
1161 3589 1349 3654 difficultate
1368 3588 1463 3653 intel-

168 3692 291 3773 legitur,
306 3693 582 3773 quamobcausam
597 3693 798 3758 somniorum
815 3692 959 3773 scriptor,
971 3693 998 3758 si
1012 3694 1151 3771 fuerunt,
1168 3693 1221 3774 qui
1239 3692 1370 3758 consilio
1388 3711 1463 3756 eum

170 3814 242 3858 cum
264 3795 354 3876 epico
374 3795 613 3878 coniungerent,
635 3798 678 3861 ab
701 3796 764 3859 hoc
787 3795 962 3860 disiunctus
984 3796 1034 3860 sit.
1068 3797 1152 3860 Dum
1175 3796 1262 3861 enim
1284 3796 1363 3859 nihil
1383 3798 1462 3872 erat,
1579 3801 1581 3804 ’

170 3915 225 3960 cur
246 3898 327 3962 liber
348 3897 548 3963 somniorum
570 3919 590 3964 a
611 3897 807 3980 Panyasside
831 3898 921 3980 epico
944 3899 1176 3963 abiudicandus
1198 3899 1370 3975 videretur,
1393 3897 1463 3962 fieri

168 4003 314 4081 poterat,
340 4005 376 4066 ut
400 4003 497 4068 etiam
519 4004 554 4081 ii,
587 4002 641 4084 qui
670 4003 753 4066 illius
784 4003 898 4067 liorem
922 4001 1116 4082 quibusdam
1140 4022 1157 4066 e
1179 4001 1373 4065 testimoniis
1396 4020 1463 4065 non

170 4105 210 4167 ol.
235 4106 291 4181 88,
322 4106 380 4169 sed
401 4107 540 4188 tempori
562 4107 665 4171 multo
687 4104 843 4187 superiori
873 4104 1101 4168 ascribendum
1129 4104 1302 4181 sciverunt,
1335 4104 1462 4185 epicum

169 4225 207 4272 ac
228 4208 428 4272 somniorum
445 4209 653 4290 interpretem
672 4229 732 4291 pro
748 4228 814 4273 uno
831 4208 999 4284 haberent,
1022 4211 1067 4283 ut,
1092 4207 1147 4287 qui
1162 4207 1250 4288 apud
1267 4207 1401 4272 Suidam
1422 4206 1462 4270 de

168 4311 374 4392 Panyassidis
390 4313 497 4376 aetate
513 4315 684 4391 utramque
702 4312 888 4393 opinionem
907 4311 1014 4387 refert,
1034 4329 1090 4373 eos
1108 4309 1141 4372 in
1158 4329 1258 4374 unum
1275 4309 1463 4373 coniunctos

167 4413 304 4494 reliquit.
327 4415 371 4479 At
382 4415 435 4480 ille
446 4413 528 4478 liber
539 4413 764 4496 aPanyasside
778 4413 868 4495 epico
880 4413 1081 4477 abiudicatus
1094 4415 1152 4478 est.
1176 4410 1238 4489 Qui
1250 4411 1335 4476 enim
1347 4411 1463 4474 minori

169 4534 244 4579 eum
261 4516 415 4596 attribuit,
434 4519 522 4582 idem
542 4517 631 4598 epioo
650 4537 724 4581 eum
741 4517 871 4581 ademit.
901 4517 1013 4597 Itaque
1029 4515 1124 4580 simul
1140 4535 1178 4580 ac
1194 4514 1393 4578 somniorum
1411 4512 1463 4576 ille
