3604 5288
724 307 936 372 „33-

270 481 300 543 4.
334 480 429 564 Dion.
452 479 525 543 Hal.
550 484 616 544 ant.
640 479 736 544 Rom.
759 479 813 555 ΚΙ,
840 481 871 543 1:
906 486 966 550 τοῖς
988 504 1021 547 τε
1043 481 1099 564 γὰρ
1122 484 1244 550 πολλοῖς
1267 479 1322 544 οὐκ
1353 482 1484 563 ἀπαρκεῖ

182 589 270 648 τοῦτο
301 584 390 668 μόνον
418 585 452 647 ἐκ
479 586 531 668 της
561 585 688 667 ἱστορίας
716 585 901 670 παραλαβεῖν
924 570 968 646 ὅτι
989 585 1038 646 τδν
1061 583 1204 666 Περσικὸν
1226 584 1356 666 πόλεμον
1379 581 1410 646 ἶν’
1433 584 1480 646 ἐπὶ

183 686 288 750 τούτου
306 687 476 770 ποιήσωμαι
497 690 546 752 τδν
570 688 668 768 λόγον.
693 687 832 770 ἐνίκησαν
850 684 1010 769 Ἀθηναῖοί
1031 696 1063 748 τε
1085 687 1136 749 καὶ
1148 686 1375 768 Λακεδαιμόνιοι
1399 688 1480 749 δυοῖν

183 790 361 874 ναυμαχίαιν
382 792 432 853 καὶ
453 791 624 875 πεζομαχίᾳ
647 791 707 874 μιᾷ.

203 949 206 954 .
270 901 301 964 5.
335 899 437 963 Thuo.
464 900 487 976 Ι,
516 900 558 963 ΚΒ
584 901 626 964 1.:
661 902 719 964 τῶν
749 901 783 964 δὲ
815 899 958 983 πρότερον
988 898 1084 984 ἔργων
1113 899 1245 982 μέγιστον
1278 899 1417 984 ἐπράχθη
1447 902 1480 962 τδ

185 1003 328 1088 Μηδικόν·
357 1006 407 1067 καὶ
436 1007 523 1068 τοῦτο
555 991 636 1087 άμως
667 1007 748 1067 δυοῖν
777 1003 954 1088 ναυμαχίαιν
984 1005 1034 1065 καὶ
1060 1003 1257 1087 πεζομαχίαιν
1284 1008 1406 1087 ταχεῖαν
1428 1003 1481 1086 τὴν

184 1108 276 1192 κρίσιν
299 1105 381 1191 ἔσχε.

271 1218 301 1281 6.
334 1216 461 1280 Amian.
485 1217 582 1283 anab.
605 1216 629 1294 I,
653 1217 683 1280 9.
707 1216 741 1279 5:
776 1221 816 1288 ὡς
838 1217 890 1300 τῆς
919 1239 950 1280 τε
978 1217 1009 1279 ἐν
1037 1219 1080 1302 τῷ
1103 1214 1231 1300 Μηδικῷ
1259 1214 1382 1300 πολέμῳ
1410 1239 1480 1299 προ-

185 1322 287 1392 δοσίας
309 1321 369 1384 τῶν
387 1315 544 1404 Ἐλλήνων
567 1322 616 1384 διά
638 1321 754 1404 μακροῦ
773 1319 885 1406 ταύτην
908 1321 959 1401 τὴν
982 1320 1066 1400 δίκην
1088 1319 1252 1388 ἐκτίσαντες
1275 1317 1431 1401 Θηβαίους.

273 1441 301 1506 7.
335 1439 429 1503 Dion.
453 1439 525 1503 Hal.
551 1459 600 1520 ep.
625 1439 668 1502 ad
689 1439 805 1519 Pomp.
829 1457 861 1518 p.
885 1438 926 1502 37
950 1437 1020 1502 Ka:
1044 1441 1093 1502 καὶ
1113 1428 1256 1522 ἄρξασθαι
1272 1435 1481 1521 (Θουκυδίδην)

183 1545 235 1628 τῆς
259 1545 422 1627 διηγήσεως
445 1546 485 1628 μὴ
510 1545 567 1608 ἀπδ
590 1543 649 1607 τῶν
665 1541 884 1627 Κερκυραιέων,
908 1541 972 1606 ἀλλ’
997 1543 1054 1606 άπδ
1077 1543 1134 1606 τῶν
1157 1543 1318 1626 κρατίστων
1340 1543 1392 1625 τῆς
1413 1563 1483 1604 πατ·

185 1649 265 1731 ρίδος
289 1645 394 1732 ἔργων,
418 1637 438 1709 ά
460 1648 534 1728 μετὰ
555 1649 604 1710 τδν
628 1647 772 1731 Περσικὸν
794 1646 925 1730 πόλεμον
949 1645 1038 1715 εὐθὺς
1062 1643 1198 1729 ἔπραξαν.

272 1757 302 1821 8.
335 1756 429 1820 Dion.
460 1756 533 1820 Hal.
564 1777 596 1838 p.
624 1757 666 1820 86
694 1756 764 1821 Kr.:
810 1757 854 1827 οἷς
888 1757 1031 1840 ἐπιτίθησι
1064 1753 1219 1839 (Θουκυδ.)
1256 1757 1294 1819 τὰ
1327 1753 1400 1839 ἔργα
1431 1757 1482 1838 τῆς

185 1862 311 1937 πόλεως,
336 1847 394 1924 ὅσα
417 1862 491 1944 μετὰ
513 1863 562 1924 τδν
580 1862 724 1944 Περσικδν
742 1860 872 1944 πόλεμον
896 1861 953 1930 ἕως
975 1862 1027 1923 τοῦ
1048 1850 1328 1944 Πελοποννησιακοῦ
1349 1857 1482 1944 πολέμου

188 1964 386 2046 διεπράξαντο.
1207 1966 1211 1972 ’

274 2075 302 2137 9.
338 2073 430 2150 Quae
447 2092 533 2136 nuno
551 2077 732 2155 sequuntur
749 2073 899 2153 exempla
913 2072 1032 2135 idonea
1047 2075 1134 2148 sunt,
1151 2092 1169 2135 e
1186 2071 1303 2152 quibus
1322 2074 1482 2152 appareat

187 2177 287 2241 verbo
318 2177 354 2240 τὰ
382 2176 510 2259 Περσικά
532 2179 691 2256 tanquam
714 2175 794 2240 certi
816 2174 894 2238 anni
919 2193 1056 2238 numero
1082 2177 1213 2254 tempus
1240 2193 1350 2237 rerum
1382 2172 1480 2253 signi-

186 2279 286 2357 ficari,
310 2299 394 2360 quae
416 2298 524 2359 neque
546 2277 589 2342 ad
611 2278 734 2351 bellum
755 2277 924 2341 Persicum
946 2296 1054 2358 neque
1077 2277 1119 2340 ad
1141 2296 1193 2340 res
1215 2276 1362 2340 Persicas
1386 2274 1482 2356 quid·

187 2401 286 2462 quam
304 2381 498 2463 pertineant.

276 2502 303 2565 1.
337 2500 437 2564 Thuc.
461 2500 484 2577 I,
517 2500 566 2564 14.
593 2500 625 2562 1:
660 2500 758 2580 ὀλίγον
786 2523 818 2564 τε
844 2502 901 2583 πρδ
928 2501 986 2563 τῶν
1020 2502 1161 2583 Μηδικῶν
1192 2502 1242 2563 καὶ
1270 2500 1324 2565 τοῶ
1354 2501 1483 2584 Δαρείου

186 2605 328 2680 θανάτου,
352 2595 384 2675 ὃς
409 2606 483 2687 μετὰ
504 2602 669 2689 Καμβύσην
692 2603 818 2686 Περσῶν
841 2604 1006 2690 ἐβασίλευε,
1037 2604 1162 2687 τριήρεις
1191 2603 1258 2686 περί
1287 2625 1319 2666 τε
1348 2601 1483 2667 Σικελίαν

185 2717 245 2778 τοῖς
276 2709 424 2791 τυράννοις
451 2709 481 2779 ἐς
508 2709 624 2791 πλῆθος
653 2707 786 2788 ἐγένοντο
817 2709 867 2771 καὶ
889 2705 1093 2791 Κερκυραίοις.
1124 2707 1217 2768 ταῦτα
1245 2707 1300 2788 γὰρ
1327 2709 1483 2770 τελευταῖα

186 2814 317 2895 πρὸτῆς
339 2811 449 2897 Ξέρξου
472 2811 625 2893 στρατείας
647 2811 768 2874 ναυτικά
791 2810 929 2890 ἀξιόλογα
952 2811 982 2873 ἐν
1004 2813 1041 2893 τῇ
1061 2803 1186 2872 Ἑλλάδι
1208 2808 1345 2887 κατέστη.

275 2914 304 2976 Κ.
339 2905 439 2977 Thuc.
463 2911 486 2989 l,
517 2913 570 2975 4l.
600 2913 634 2975 2:
668 2917 743 2975 νεῶν
773 2914 828 2995 γὰρ
859 2913 980 2996 μακρῶν
1001 2910 1201 2990 ,σπονίσοντές
1230 2933 1301 2974 ποτε
1331 2914 1403 2994 πρὸς
1432 2912 1483 2974 τδν
1576 2934 1578 2938 ·

188 3019 347 3102 Αἰγινητῶν
370 3019 441 3099 ὑπὲρ
464 3017 501 3080 τὰ
523 3015 645 3098 Μηδικὰ
666 3016 806 3100 πόλεμον.
821 3064 828 3076 .
843 3062 871 3077 ..
928 3083 930 3088 ,

274 3120 304 3183 3.
339 3119 457 3183 Suidas
474 3138 499 3182 S.
517 3139 546 3182 v.
565 3117 747 3182 Chionidis:
771 3119 916 3182 διδάσκειν
939 3119 972 3180 δὲ
996 3115 1088 3180 ἔτεσιν
1110 3119 1141 3201 η’
1164 3120 1221 3201 πρὸ
1243 3121 1301 3182 τῶν
1319 3116 1481 3201 Περσικῶν.

273 3223 304 3286 4.
339 3222 456 3286 Suidas
479 3241 504 3284 S.
528 3243 557 3284 v.
581 3220 781 3302 Epicharmi:
815 3207 851 3304 ἦν
874 3222 908 3284 δὲ
929 3222 985 3302 πρδ
1008 3223 1066 3283 τῶν
1090 3221 1243 3303 Περσικῶν
1266 3220 1318 3304 ἔτη
1342 3222 1380 3290 u.

274 3342 355 3406 Cum
385 3361 437 3406 res
465 3342 531 3406 iam
561 3342 661 3406 dubia
689 3360 757 3404 non
790 3341 841 3418 sit,
874 3360 913 3404 ea
943 3358 1073 3420 quoque
1101 3340 1249 3420 exempla
1275 3341 1375 3404 affere
1397 3358 1484 3404 nuno

186 3444 270 3522 licet,
294 3465 387 3526 quae,
411 3445 489 3509 dum
513 3445 636 3508 incerta
658 3463 710 3508 res
734 3448 813 3520 erat,
837 3443 1032 3506 documento
1057 3460 1211 3505 essenon
1233 3445 1394 3523 poterant.

273 3547 303 3610 5.
338 3547 427 3611 Suid.
452 3567 477 3611 S.
501 3568 531 3610 v.
554 3546 729 3611 Charonis:
754 3548 800 3610 ἐπὶ
822 3548 881 3611 τῶν
899 3546 1052 3630 Περσικῶν
1075 3547 1151 3608 κατὰ
1169 3548 1221 3630 τὴν
1242 3547 1483 3628 οε’·ὀλυμπιοὶδα.

274 3651 304 3713 6.
338 3649 428 3714 Suid.
454 3669 479 3714 S.
503 3670 532 3714 v.
558 3648 713 3714 Choerili:
748 3651 796 3712 ἐπὶ
818 3651 852 3713 δὲ
873 3650 933 3712 τῶν
956 3649 1109 3732 Περσικῶν
1133 3651 1287 3732 ὀλυμπιάδι
1310 3651 1363 3713 σε’.

274 3770 435 3847 Quoniam
468 3770 564 3851 igitur
590 3770 691 3834 verba
713 3773 827 3832 nostra
848 3770 975 3852 καὶγὰρ
998 3755 1034 3852 ἦν
1057 3771 1104 3833 ἐπὶ
1125 3771 1183 3833 τῶν
1199 3770 1368 3852 Περσικῶν,
1399 3784 1484 3846 quae

187 3873 228 3936 de
249 3872 457 3955 Panyassidis
487 3878 596 3938 aetate
627 3873 788 3949 dicuntur,
818 3891 886 3936 non
916 3871 1009 3935 aliter
1036 3870 1253 3951 intellegenda
1280 3872 1355 3933 sunt
1384 3887 1423 3931 ao
1456 3867 1483 3930 si

187 3975 309 4056 scripta
331 3975 512 4039 habeamus
540 3977 642 4040 verba
669 3978 796 4059 καὶγὰρ
819 3963 854 4059 ἦν
877 3976 953 4038 κατὰ
974 3977 1026 4058 τὴν
1049 3981 1093 4038 σε’
1120 3976 1301 4058 ὀλυμπιάδα,
1323 3972 1390 4035 iam
1414 3989 1482 4033 non

187 4077 316 4142 difficile
336 4081 386 4142 est
404 4078 502 4155 dioto,
526 4078 604 4159 quid
627 4079 700 4141 loeo
716 4081 830 4142 nostro
853 4077 916 4141 sibi
937 4076 1037 4140 velint
1053 4077 1154 4140 verba
1172 4077 1275 4158 γέγονε
1298 4078 1330 4138 et
1351 4061 1397 4158 ἦν,
1417 4091 1483 4153 qua

190 4181 230 4245 de
253 4202 288 4247 re
311 4182 459 4263 quaestio
482 4200 568 4245 nuno
590 4180 778 4261 simpliciter
801 4181 970 4245 sehabet.
1014 4180 1099 4243 Nam
1123 4180 1225 4242 verba
1251 4181 1326 4243 κατὰ
1350 4178 1383 4241 δέ
1406 4200 1483 4246 τινας

187 4287 291 4372 πολλῶ
314 4287 511 4372 πρεσβύτερος
535 4283 723 4363 accipienda
751 4303 823 4347 esse
852 4283 1000 4346 vidimus.
1052 4282 1100 4345 Ao
1130 4281 1230 4344 trium
1260 4277 1483 4362 olympiadmn

187 4387 393 4451 intervallum
420 4387 505 4450 inter
537 4385 577 4449 ol.
607 4387 648 4448 78
671 4389 703 4448 et
727 4385 767 4448 ol.
794 4387 835 4450 75
864 4385 1093 4465 interpositum
1119 4383 1216 4447 nimis
1243 4383 1394 4464 exiguum
1422 4382 1483 4455 est,

188 4508 287 4570 quam
310 4494 347 4553 ut
371 4489 472 4553 verbo
500 4490 604 4574 πολλῷ
633 4487 840 4568 respondeat.
894 4487 1033 4568 Oportet
1055 4487 1152 4567 igitur
1175 4487 1276 4550 verba
1298 4489 1348 4549 καὶ
1370 4486 1424 4567 γὰρ
1447 4478 1484 4566 ἦν

796 4602 799 4606 ’
1259 4589 1276 4640 3
