3604 5288
852 307 1066 371 ..5ο-

316 482 368 544 rod
392 479 537 564 ἱστορικοῦ
560 479 722 565 ἐξάδελφος
745 479 937 555 continetur,
960 480 1003 543 ad
1026 499 1110 561 quae
1132 480 1233 544 verba
1254 481 1357 562 γέγονε
1379 482 1435 565 γάρ
1458 481 1607 552 Πανύασις

316 582 507 668 Πολυάρχου,
539 584 555 645 ὁ
579 584 613 647 δὲ
631 578 796 666 Ἡρόδοτος
818 582 912 655 Λύξου
934 583 987 647 τοῦ
1010 583 1191 670 Πολυάρχου
1216 585 1350 669 ἀδελφοῦ
1376 583 1422 648 ita
1443 583 1607 665 applicata

311 687 387 748 sunt
412 689 448 748 ut
476 705 515 749 ex
542 684 604 748 illis
633 705 673 748 ea
701 685 799 749 ducta
822 703 893 748 esse
916 684 1101 749 etiamnunc
1124 690 1290 767 appareat.
1335 686 1420 751 Nam
1443 687 1605 774 ἐξάδελφος

309 786 410 850 verbo
432 786 539 852 fratris
561 787 663 851 filium
686 786 858 868 significari
875 791 999 852 certum
1022 791 1081 865 est,
1105 807 1179 852 curn
1193 788 1395 871 Phrynichus
1406 787 1430 873 ¹)
1448 789 1481 853 id
1497 789 1605 854 Attice

311 890 506 956 inusitatum.
522 891 688 972 verboque
711 893 828 979 ἀνεψιός
850 891 1052 956 reddendum
1077 910 1148 957 esse
1170 895 1283 957 auctor
1305 893 1363 971 sit,
1394 897 1427 957 et
1456 893 1605 974 quaeda

309 992 396 1057 illius
418 992 508 1058 verbi
530 1012 600 1072 usu,
631 995 720 1076 quod
743 994 831 1076 apud
853 994 959 1058 nullos
982 994 1155 1074 scriptores
1177 995 1240 1058 nisi
1262 996 1352 1078 apud
1374 1015 1465 1060 seros
1489 999 1603 1072 exstat,

310 1093 518 1179 praeterea2)
547 1097 732 1174 traduntur,
771 1097 881 1161 omnia
916 1097 950 1161 in
979 1097 1152 1179 Phrynichi
1185 1098 1367 1163 versionem
1399 1099 1603 1163 conveniant.

309 1199 356 1263 Eo
379 1198 466 1263 enim
488 1199 588 1263 verbo
611 1200 666 1282 qui
688 1204 831 1278 utuntur,
854 1200 956 1265 filium
979 1204 1035 1265 aut
1051 1199 1152 1265 filiam
1167 1201 1273 1283 patrui
1297 1205 1353 1266 aut
1376 1201 1525 1266 avunculi
1547 1204 1604 1266 aut

310 1304 504 1366 materterae
527 1301 716 1384 significant.
760 1304 813 1376 Ad
834 1303 924 1369 hunc
946 1307 1055 1368 autem
1077 1303 1168 1367 verbi
1185 1324 1280 1368 usum
1296 1323 1364 1368 non
1380 1303 1485 1368 solum
1503 1305 1604 1368 verba

309 1405 412 1488 γέγονε
429 1405 485 1490 γὰρ
504 1453 619 1470 ......
638 1408 781 1494 ἀδελφοῦ,
802 1407 977 1471 sedetiam
994 1426 1078 1489 quae
1096 1410 1275 1488 sequuntur
1290 1406 1413 1488 optime
1431 1407 1603 1488 quadrant,

309 1506 336 1571 si
351 1509 535 1580 Herodoto<
557 1509 693 1573 verbum
715 1514 860 1574 mutatur
881 1510 915 1575 in
930 1512 1121 1596 Πολυάρχου.
1157 1509 1249 1588 Quae
1266 1510 1403 1574 mutatio
1420 1510 1454 1574 in
1471 1529 1603 1574 omnem

310 1613 437 1692 partem
459 1611 638 1691 probabilis
661 1616 719 1677 est.
764 1612 847 1677 Nam
870 1613 977 1694 ipsum
996 1614 1180 1684 Πανυάοιδος
1201 1612 1338 1676 verbum
1359 1613 1467 1677 locum
1492 1613 1602 1694 legen-

308 1713 395 1776 tibus
424 1714 520 1778 nobis
554 1715 701 1797 ineptum
736 1736 771 1780 se
801 1716 938 1797 praebet
966 1735 1073 1797 neque
1101 1716 1190 1780 idem
1219 1734 1293 1780 cum
1321 1717 1413 1780 verbi
1441 1717 1603 1803 ἐξάδελφος

310 1836 373 1880 usu
395 1817 553 1881 convenit.
598 1819 642 1882 At
670 1819 851 1905 Πολυάρχου
873 1818 974 1882 verbo
997 1819 1146 1882 restituto
1169 1817 1259 1882 locus
1281 1838 1342 1883 nec
1363 1838 1422 1900 per
1444 1839 1479 1883 se
1501 1819 1600 1901 inept‘

310 1918 489 2000 quidquam
510 1921 612 1985 habet
629 1941 691 1987 nec
707 1921 798 1986 verbi
814 1923 976 2008 ἐξάδελφος
997 1922 1070 1986 usui
1091 1925 1260 2002 repugnat,
1284 1921 1343 1985 sed
1365 1923 1504 1986 eandem
1526 1942 1601 1986 sen-

308 2022 446 2087 tentiam
467 2025 613 2106 praebet,
637 2044 736 2105 quarn
758 2029 848 2089 certa
869 2025 938 2089 eius
960 2044 1036 2106 pars
1058 2025 1157 2106 plane
1179 2029 1212 2089 et
1234 2028 1346 2106 aperte
1368 2025 1499 2090 indicat.

394 2126 496 2191 Docet
526 2126 622 2208 igitur
650 2127 741 2192 locus
770 2132 955 2210 propterea,
983 2129 1072 2208 quod
1097 2128 1285 2192 Herodotus
1312 2127 1519 2211 Panyassidis
1542 2131 1602 2201 ἐξά-

309 2233 420 2316 δελφος
442 2229 581 2294 traditus
603 2229 654 2307 sit,
682 2231 725 2295 ab
753 2231 862 2295 alteris
890 2250 1004 2295 eorum
1027 2231 1254 2313 cognationem
1276 2251 1296 2294 a
1317 2234 1411 2312 patre
1432 2230 1600 2308 Herodoti,

309 2333 353 2395 ab
376 2332 486 2396 alteris
509 2353 529 2396 a
550 2335 655 2397 matre
683 2333 815 2396 ductam
843 2353 924 2397 esse.
969 2332 1076 2410 Quam
1105 2334 1148 2398 ad
1178 2333 1422 2415 significandam
1452 2334 1601 2415 ipsumne

309 2435 445 2498 verbum
479 2437 656 2522 ἐξάδελφος,
692 2435 781 2515 quod
815 2436 904 2516 apud
929 2437 1055 2500 Atticos
1090 2437 1279 2501 inusitatum
1315 2436 1390 2513 fuit,
1426 2436 1601 2518 antiquitus

308 2536 465 2600 traditum
488 2537 539 2614 sit,
563 2537 704 2602 dubitari
725 2541 844 2618 potest.
889 2538 999 2620 Ipsum
1022 2540 1050 2603 si
1070 2540 1228 2619 traditum
1247 2542 1306 2617 est,
1326 2559 1346 2603 a
1363 2539 1452 2604 nullo
1470 2540 1601 2621 quidem

310 2639 467 2720 scriptore
488 2640 574 2704 tradi
594 2640 701 2722 potuit
721 2641 784 2704 nisi
806 2641 848 2706 ab
871 2641 990 2706 ionico.
1043 2641 1100 2707 Sin
1122 2643 1238 2719 minus,
1267 2663 1288 2707 a
1315 2643 1470 2724 scriptore
1491 2642 1600 2724 aliquo

310 2743 427 2806 aetatis
455 2743 644 2825 posterioris
673 2743 763 2808 verbi
791 2744 902 2809 traditi
932 2745 1004 2808 loco
1035 2745 1247 2810 substitutum
1276 2748 1334 2809 est.
1384 2745 1468 2809 Nam
1495 2746 1536 2810 de
1565 2765 1601 2810 re

313 2845 446 2927 quidem
474 2846 615 2911 dubitari
644 2866 712 2912 non
740 2851 859 2928 potest,
889 2848 1009 2930 quippe
1038 2868 1123 2930 quae
1150 2849 1192 2913 ab
1219 2849 1298 2930 ipsis
1320 2848 1483 2912 veteribus
1511 2852 1601 2912 extra

311 2949 548 3014 dubitationem
578 2949 692 3014 habita
725 2951 775 3014 sit.
830 2950 943 3032 Itaque
978 2952 1106 3016 etiamsi
1137 2951 1297 3016 Herodoti
1331 2955 1363 3015 et
1395 2951 1601 3034 Panyassidis

310 3052 460 3132 cognatio
489 3071 558 3116 non
587 3073 607 3116 a
636 3053 794 3133 scriptore
823 3054 932 3119 lonico
959 3055 1080 3119 tradita
1106 3055 1157 3132 sit,
1185 3058 1296 3118 tamen
1321 3072 1391 3118 rem
1412 3054 1537 3118 nudam
1558 3053 1602 3117 ad

308 3158 427 3218 testem
469 3155 729 3235 antiquissimum
772 3156 936 3237 ipsiusque
976 3157 1135 3222 Herodoti
1177 3156 1379 3238 temporibus
1418 3157 1602 3238 proximum

310 3257 416 3321 redire
444 3276 504 3338 pro
535 3261 622 3321 certo
649 3258 840 3322 habendum
868 3263 926 3322 est.
972 3259 1140 3340 Optimum
1167 3261 1262 3341 igitur
1287 3260 1329 3323 de
1356 3258 1514 3323 Herodoti
1534 3258 1602 3322 vita

311 3363 429 3424 testem
465 3360 688 3441 cognovimus
728 3360 818 3424 cuius
851 3362 987 3442 vestigia
1020 3363 1171 3444 persequi
1208 3381 1328 3443 operae
1365 3362 1505 3443 pretium
1541 3364 1600 3425 est.

309 3461 394 3526 Nam
432 3463 599 3543 complura
635 3467 780 3540 exstant,
819 3483 903 3545 quae
941 3464 1034 3529 facile
1071 3465 1359 3529 animadvertimus
1398 3467 1602 3546 quaerentes

311 3584 455 3644 quonam
482 3570 630 3646 tempore
660 3586 699 3630 ac
727 3566 800 3630 loco
831 3587 871 3630 ea
903 3568 1091 3632 testimonia
1123 3567 1199 3631 oriri
1231 3553 1410 3648 potuerint,
1443 3585 1527 3647 quae
1560 3567 1602 3630 de

313 3667 471 3732 Herodoti
493 3669 591 3732 rebus
613 3668 868 3733 Halicamasseis
891 3671 1084 3751 accepimus.

394 3771 548 3835 Eiusdem
567 3773 653 3837 enim
672 3773 764 3837 testis
782 3773 918 3854 vestigia
936 3778 1050 3854 patent
1068 3793 1187 3855 magno
1207 3793 1245 3838 ac
1263 3773 1344 3836 miro
1363 3791 1476 3836 earum
1494 3792 1602 3836 remur

310 3892 458 3951 numere,
490 3893 573 3954 quae
604 3877 645 3939 de
671 3875 830 3939 Herodoti
857 3876 980 3940 familia
1006 3877 1188 3941 traduntur.
1233 3876 1281 3939 Ac
1306 3873 1391 3939 hanc
1418 3875 1505 3938 enim
1526 3895 1601 3956 per-

311 3977 414 4040 tinent
436 3996 503 4041 non
526 3978 632 4042 solum
655 3998 738 4059 quae
761 3978 802 4042 de
825 3978 983 4042 Herodoti
1001 3999 1118 4060 genere
1137 3979 1238 4042 nobili
1257 3978 1388 4058 eiusque
1405 3997 1478 4041 curn
1495 3978 1602 4060 Pany-

183 4077 184 4081 ’
311 4080 419 4144 asside
442 4081 634 4161 cognatione
657 4081 837 4157 traduntur,
860 4081 918 4144 sed
938 4081 1037 4146 etiam
1055 4082 1226 4146 multitudo
1246 4081 1300 4144 illa
1319 4080 1498 4158 nominum,
1517 4099 1602 4161 quae

310 4182 351 4248 de
373 4181 532 4246 Herodoti
554 4183 699 4265 cognatis
722 4183 914 4264 accepimus,
937 4184 979 4247 de
998 4185 1114 4265 quibus
1133 4184 1311 4248 memoriae
1328 4183 1495 4264 proditum
1510 4182 1602 4247 vide-

395 4336 416 4403 ¹)
443 4338 475 4391 cf.
485 4337 600 4402 Lobeek,
614 4336 782 4407 Phrynichus
793 4353 819 4403 p.
829 4338 889 4390 306.
917 4336 1062 4406 ἐξάδιλφος·
1076 4338 1326 4409 ἀποδιοπομπητέον,
1341 4339 1444 4410 ἀνεψιὸς
1460 4341 1486 4392 δὲ
1502 4339 1601 4411 ῥητέον.

393 4421 416 4489 ²)
443 4423 477 4480 cf.
487 4423 663 4491 Stephanum,
681 4424 749 4477 thes.
766 4423 830 4491 ling.
850 4423 975 4477 Graecae.
1002 4424 1038 4478 Ut
1055 4423 1159 4492 reliqua
1176 4424 1308 4490 omittam,
1327 4443 1413 4480 unum
1431 4427 1484 4481 hoc
1502 4426 1599 4480 affero:

308 4506 441 4580 ἐξαδιλφή,
459 4508 486 4578 ἡ,
504 4508 531 4561 in
551 4508 677 4564 Pandect.
705 4510 722 4577 ἠ
740 4509 855 4580 θυγάτηρ
873 4509 918 4560 τοῦ
937 4508 1007 4562 θείου
1024 4506 1041 4580 ἤ
1061 4513 1107 4580 τῆς
1125 4509 1205 4571 θείας.
