3604 5288
181 473 269 530 mus,
304 455 391 535 quod
424 474 544 519 nomen
578 455 674 522 fuerit
708 456 836 537 cognati
868 455 1074 539 Panyassidis
1107 455 1205 537 patri,
1246 458 1335 538 quod
1373 458 1473 539 ipsius

180 555 341 642 Herodoti
362 558 457 639 patri,
481 559 571 639 quod
593 559 740 625 eiusdem
762 559 868 636 matri,
892 559 981 642 quod
1003 558 1140 642 trahil)

267 660 336 725 Has
371 680 423 725 res
457 680 571 726 omnes
604 662 801 743 excogitatas
835 681 907 726 esse
940 665 975 725 ut
1009 662 1049 725 de
1081 661 1240 726 Herodoti
1266 662 1333 726 rita
1359 682 1473 728 narra·

179 763 324 828 tiuncnla
343 763 495 845 componi
512 768 634 844 posset,
652 764 732 827 nihil
750 768 799 828 est
816 783 872 828 cur
889 764 1070 842 credamus,
1087 784 1274 846 quanquam
1290 765 1473 830 mirabilem

179 866 266 930 hanc
295 867 483 947 opinionem
512 866 574 931 Ad.
605 864 745 951 Bauer2)
775 866 917 948 protulit.
962 866 1066 932 Immo
1093 866 1156 931 bae
1184 887 1236 932 res
1265 888 1324 932 sua
1351 869 1472 950 proba-

179 969 305 1033 bilitate
335 989 370 1034 se
401 970 632 1034 commendant
661 989 722 1034 nec
750 969 846 1034 fictae
876 989 947 1033 esse
976 973 1124 1051 possunt.
1173 969 1258 1035 Nam
1286 970 1472 1037 Herodotus

180 1072 387 1155 Panyassidis
409 1076 566 1154 cognatus
588 1073 662 1137 ideo
685 1072 790 1137 factus
813 1093 899 1151 esse,
928 1093 971 1137 ne
993 1077 1030 1138 ut
1051 1073 1190 1155 scriptor
1214 1093 1253 1137 ex
1275 1075 1472 1139 obscuritate

181 1196 324 1241 emersus
348 1176 486 1240 obscuro
508 1175 581 1240 loco
600 1179 697 1240 natus
714 1179 812 1256 atque
830 1175 979 1256 ignobilis
995 1175 1095 1240 fuisse
1112 1174 1315 1260 videretur,2)
1339 1177 1472 1241 omnino

179 1298 247 1343 non
268 1282 386 1360 potest.
431 1278 518 1342 Nihil
544 1282 594 1343 est
620 1278 718 1355 enim,
747 1298 787 1342 ex
814 1297 878 1359 quo
900 1278 1002 1342 nobili
1023 1278 1203 1360 Panyassin
1224 1298 1342 1360 genere
1366 1284 1473 1345 ortum

180 1401 252 1446 esse
286 1385 371 1446 certe
405 1386 572 1464 appareat,
607 1381 634 1446 si
667 1380 836 1446 Herodoto
871 1383 1026 1462 cognatus
1059 1401 1126 1446 non
1162 1381 1229 1446 tuit.
1282 1380 1346 1459 Qui
1379 1383 1473 1464 igitur

178 1485 351 1566 Panyassis
382 1485 409 1549 is
439 1504 510 1549 esse
538 1484 653 1564 potuit,
684 1480 707 1548 a'
731 1502 795 1564 quo
823 1483 1011 1548 Herodotus
1038 1484 1164 1565 generis
1190 1485 1394 1556 nobilitatem
1418 1507 1472 1552 ac-

179 1587 321 1668 ciperet?
365 1587 482 1653 Cetera
507 1606 584 1652 vero
614 1588 699 1651 inter
728 1607 763 1651 se
794 1586 997 1651 continuant.
1049 1587 1196 1651 Obscuro
1227 1588 1315 1652 enirn
1344 1589 1416 1654 loco
1445 1590 1472 1654 si

178 1690 367 1756 Herodotus
396 1694 492 1755 natus
523 1693 617 1768 esset,
649 1690 690 1754 de
719 1689 905 1754 nominibus
931 1693 1104 1770 parentum
1132 1709 1170 1753 ac
1197 1690 1315 1769 fratris,
1339 1693 1471 1757 deeius

178 1793 324 1874 cognatis
345 1794 398 1858 rix
419 1794 598 1876 quidquam
620 1796 706 1858 esset
727 1793 893 1856 traditum.
942 1792 982 1855 Et
1005 1792 1093 1873 quod
1114 1795 1289 1875 tyrannum
1312 1796 1472 1876 expulisse

178 1896 359 1978 civiumque
376 1897 496 1962 invidia
512 1915 687 1978 oppressus
702 1896 843 1978 patriam
856 1895 1024 1976 reliquisse
1041 1896 1166 1975 dicitur,
1184 1917 1257 1962 curn
1274 1898 1342 1962 eius
1352 1899 1471 1964 nobili-

177 2005 247 2067 tate
259 2001 380 2082 optime
398 1999 546 2065 concinit.
570 1997 694 2075 Quodsi
705 1998 864 2063 Herodoti
882 2017 962 2078 gens
978 1999 1147 2064 nobilitate
1165 2004 1262 2081 atque
1279 2002 1471 2067 auctoritate
1588 2000 1591 2005 ’

176 2104 349 2185 praestitit,
366 2123 435 2169 non
449 2103 567 2167 mirum
583 2105 642 2179 est,
659 2102 747 2183 quod
764 2102 805 2165 de
823 2120 862 2165 ea
872 2101 993 2166 tradita
1008 2105 1092 2178 sunt,
1112 2121 1196 2183 quae
1208 2102 1249 2166 de
1261 2103 1471 2184 scriptoribus

177 2207 264 2271 tradi
277 2226 344 2271 non
355 2207 482 2271 soleant
492 2225 553 2270 nec
564 2209 675 2270 tamen
686 2204 829 2286 speciem
839 2203 983 2267 habeant
994 2224 1102 2268 rerum
1114 2202 1303 2289 fictarum.³)
1326 2207 1469 2285 Accedit,

178 2310 268 2390 quod
282 2309 389 2391 Lyrae
412 2311 444 2372 et
460 2308 626 2372 Theodori
647 2308 791 2384 nomina,
815 2326 898 2389 quae
917 2306 1076 2371 Herodoti
1097 2307 1182 2388 patri
1205 2311 1237 2371 et
1259 2308 1350 2374 fratri
1373 2310 1470 2376 fuisse

179 2413 337 2490 dicuntur,
360 2412 393 2476 in
414 2412 514 2477 titulis
536 2411 792 2476 Halicamasseis
815 2410 919 2491 quinti
940 2409 1061 2474 saeculi
1083 2410 1296 2476 inveniuntur.
1330 2412 1470 2498 Lyrae4)

179 2515 264 2580 enim
284 2534 406 2578 nomen
426 2518 516 2579 extra
536 2514 802 2579 Halicarnassum
820 2533 887 2578 non
906 2514 1038 2578 obvium
1056 2514 1090 2577 in
1107 2514 1202 2578 titulo
1220 2513 1470 2581 Halicamasseo

178 2617 282 2700 quinti
300 2617 420 2681 saeculi
438 2618 573 2682 extremi
588 2618 639 2681 bis
656 2616 781 2698 legitur,
800 2617 902 2681 semel
918 2617 1033 2698 Pigrae
1050 2616 1219 2681 cuiusdam
1236 2616 1303 2681 lilio
1323 2618 1470 2697 inditum,

178 2720 279 2785 semel
306 2720 392 2802 patri
417 2720 476 2784 viri
503 2721 665 2802 incogniti,
697 2720 786 2784 cuius
813 2739 935 2784 nomen
957 2720 990 2783 in
1013 2723 1095 2792 δαιος
1118 2719 1225 2799 exit.⁵)
1270 2720 1471 2805 Theodori⁶l

179 2829 288 2888 autem
310 2843 431 2888 nomen
453 2823 487 2887 in
509 2824 627 2887 eodem
648 2822 742 2887 titulo
764 2823 889 2904 legitur.

262 2925 387 3004 Quodsi
409 2927 450 2990 de
472 2926 631 2990 Herodoti
654 2924 785 3009 genten
806 2945 890 3007 quae
911 2924 1084 2989 traduntur
1102 2942 1168 2987 non
1187 2926 1368 3007 excogitata
1385 2931 1469 3004 sunt,

176 3030 262 3094 tradi
291 3049 311 3094 a
340 3029 430 3094 nullo
460 3033 636 3111 potuerunt
664 3029 727 3093 nisi
757 3029 799 3092 ab
829 3028 1089 3107 Halicamasseo,
1119 3029 1175 3110 qui
1203 3027 1410 3110 Panyassidis
1438 3034 1470 3094 et

265 3200 285 3266 l)
313 3201 412 3255 Surdas
438 3219 459 3255 s.
486 3217 511 3254 V.
536 3199 685 3269 Ἡρόδοτος·
712 3201 756 3253 καὶ
783 3200 893 3268 ἀδιλφὸν
921 3199 1041 3272 ἐσχηκὼς
1067 3198 1213 3268 Θεόδωρον.
1255 3200 1347 3255 Matris
1369 3218 1471 3255 nomeu

178 3288 284 3342 duobus
299 3288 366 3341 locis
380 3287 501 3344 traditur.
534 3287 627 3340 Altero
646 3286 729 3354 (Suid.
748 3305 769 3343 s.
784 3305 810 3341 v.
823 3284 975 3355 Ἡρόδοτος)
993 3286 1112 3340 nominis
1129 3287 1218 3340 forma
1235 3291 1276 3340 est
1284 3283 1367 3356 Δρυώ,
1386 3288 1470 3342 altero

177 3372 261 3440 (Suid.
279 3390 300 3431 s.
319 3390 344 3431 v.
363 3371 501 3440 Πανύασις)
514 3369 606 3429 Ῥοιὼ.
642 3373 709 3428 Utra
726 3374 902 3441 praeferenda
920 3373 967 3438 sit,
985 3372 1117 3427 hocloco
1136 3372 1268 3426 incertum
1285 3372 1471 3442 relinquimus.

262 3457 286 3527 Ἃ)
313 3459 449 3514 Herodots
466 3459 556 3528 Biogr.
574 3476 601 3527 p.
621 3460 661 3512 ta.
681 3459 722 3512 13.

261 3542 284 3612 ⁸)
311 3544 458 3598 Ptolemaei
475 3544 579 3599 Chenni
598 3546 631 3599 de
648 3545 778 3599 Herodoti
795 3545 950 3600 testimonia
967 3561 1015 3613 per
1033 3562 1062 3600 se
1079 3550 1213 3614 suspecta,
1231 3544 1389 3616 praesertim
1407 3563 1469 3601 cum

175 3630 245 3684 inter
259 3647 288 3684 se
300 3635 458 3700 repugnent,
476 3645 565 3699 neque
579 3630 689 3699 aequari
703 3631 802 3685 debent
820 3648 882 3685 cum
899 3631 939 3696 iis,
959 3647 1029 3699 quae
1041 3647 1090 3699 per
1103 3647 1132 3684 se
1146 3631 1212 3685 nihil
1226 3631 1344 3700 suspecti
1359 3632 1468 3697 habent,

176 3732 265 3784 neque
283 3717 317 3770 ad
335 3733 368 3771 ea
384 3716 530 3771 refellenda
548 3717 696 3784 quidquam
715 3717 813 3770 valent.

261 3799 285 3870 ⁴)
311 3802 402 3870 Lyrae
418 3817 520 3856 nomen
537 3801 667 3858 Herodoti
685 3803 755 3870 patri
773 3802 855 3856 fuisse
877 3807 959 3857 testes
981 3808 1058 3857 sunt:
1088 3801 1112 3870 l)
1135 3802 1246 3857 Lucian.
1270 3803 1303 3856 de
1326 3803 1408 3857 domo
1427 3805 1468 3858 20.

176 3887 204 3953 l)
221 3887 384 3942 Themistios
401 3887 435 3941 11.
453 3887 495 3940 27.
522 3888 548 3954 3)
567 3888 658 3956 Stapb.
673 3888 735 3955 Byr.
752 3905 808 3945 sv.
825 3886 935 3957 Θούριοι.
961 3889 988 3955 l)
1008 3889 1081 3946 Suid.
1098 3906 1119 3942 s.
1134 3905 1159 3942 v.
1170 3886 1320 3960 Ἡρόδοτος.
1347 3888 1375 3957 5)
1394 3891 1467 3944 Suid.

177 3989 198 4027 s.
216 3989 241 4026 v.
260 3970 392 4032 Πανύασις.
428 3974 515 4042 Lyxes
538 3974 618 4043 igitur
641 3989 735 4027 veram
758 3974 877 4028 nominis
894 3975 1011 4028 formam
1029 3991 1087 4028 esse
1105 3975 1171 4028 satis
1193 3975 1341 4029 multorum
1358 3976 1468 4031 testium

176 4075 310 4113 consensu
319 4065 426 4115 constat
434 4063 464 4113 ut
474 4059 554 4113 unius
563 4059 674 4114 Tretzae
682 4059 852 4114 Herodotum
861 4056 944 4112 Etlou
953 4057 1113 4120 vel'Ottloo
1122 4060 1207 4114 filium
1217 4061 1384 4114 nominantis
1396 4061 1468 4116 testi·

175 4144 298 4198 monium
307 4150 461 4213 suspectum
474 4145 578 4214 neglegi
587 4145 681 4214 possit.
699 4146 775 4200 Idem
783 4145 891 4200 Tzetzes
900 4145 1179 4215 Panyassidisnomen
1188 4146 1216 4199 in
1226 4143 1332 4206 Πάνυσις
1341 4148 1466 4215 corrupit.

261 4229 286 4297 ⁵)
313 4230 376 4285 Ditt.
395 4231 457 4299 Syll.
476 4231 525 4284 No.
544 4232 568 4284 6.
588 4248 612 4286 a.
639 4231 681 4285 98.
700 4232 726 4286 d.
752 4232 794 4285 36.

261 4314 284 4383 ⁶)
309 4316 377 4370 lbid.
396 4334 421 4371 a.
438 4317 480 4370 31.
1072 4376 1076 4386 ,

262 4403 283 4465 ⁷)
310 4401 463 4456 Herodotus
481 4403 572 4457 nescio
588 4420 624 4457 an
638 4420 671 4457 ex
685 4405 780 4459 eadem
794 4405 876 4473 stirpe
890 4420 975 4474 genus
990 4403 1095 4458 durent
1110 4408 1191 4472 alque
1204 4403 1355 4468 Artemisia,
1373 4403 1467 4458 Cariae

174 4485 280 4554 regius,
303 4487 379 4542 cuius
397 4488 523 4543 virtutem
541 4505 573 4543 ac
590 4490 762 4558 prudentiam
779 4491 822 4545 ille
840 4508 948 4545 summa
965 4489 1045 4543 laude
1063 4489 1215 4544 celebravit.
1249 4490 1281 4543 In
1298 4489 1376 4543 titulo
1395 4489 1467 4542 enim

1210 4575 1249 4629 με
