3604 5288
864 295 1077 358 ,44-

323 487 395 532 esse
423 471 547 532 certum
575 465 669 550 est.¹)
715 468 801 532 Satis
829 466 925 548 igitur
951 466 1121 544 habemus,
1150 486 1206 531 our
1233 466 1410 531 Pindarum
1433 468 1488 530 aut
1510 464 1615 546 primo

323 574 380 635 aut
397 571 492 635 tertio
509 570 551 634 ol.
565 571 605 634 75
625 589 711 635 anno
730 570 959 636 ascribendum
977 569 1075 634 fuisse
1094 569 1296 633 arbitremur.
1331 568 1461 633 Offendi
1480 568 1566 632 enim
1583 569 1616 632 in

324 693 363 738 eo
381 692 448 737 non
467 673 576 750 debet,
596 674 694 754 quod,
714 673 741 737 si
759 677 846 738 recte
857 673 1033 738 Eusebium
1049 672 1256 748 mutavimus,
1272 671 1432 736 Pindarus
1451 670 1494 735 ol.
1507 671 1547 734 75
1565 670 1616 734 bis

323 776 482 857 ascriptus
517 775 669 849 habetur,
704 776 805 841 semel
838 775 940 853 solus,
976 774 1076 840 semel
1110 794 1183 839 cum
1216 773 1384 839 Simonide
1417 773 1616 838 coniunctus.

322 879 426 943 Immo
444 898 518 942 cum
539 878 602 943 hae
626 879 903 944 commemorandi
924 878 1067 943 rationes
1089 882 1121 942 et
1144 897 1243 942 causa
1265 877 1351 942 etri
1373 877 1519 942 diversae
1542 876 1615 952 sint,

322 1001 375 1045 res
403 981 483 1045 nihil
511 981 583 1046 miri
611 982 721 1046 habet.
766 981 1018 1064 Synchronismo
1048 980 1135 1045 enirn
1157 980 1237 1045 nihil
1259 980 1398 1062 amplius
1421 979 1618 1062 significatur

323 1085 387 1149 nisi
409 1084 464 1166 qui
486 1087 574 1148 certo
596 1088 745 1166 tempore
766 1077 885 1150 fuerint
907 1084 1070 1166 aequales,
1114 1084 1162 1147 Ex
1188 1103 1253 1165 quo
1281 1102 1355 1148 cum
1380 1083 1523 1164 intellegi
1550 1102 1616 1147 non

322 1189 440 1269 possit,
472 1206 537 1269 quo
567 1187 638 1269 quis
667 1191 815 1269 tempore
844 1191 941 1252 natus
971 1187 1013 1252 sit
1040 1187 1092 1251 vel
1124 1187 1284 1263 domarit,
1318 1186 1382 1250 hoc
1415 1186 1481 1250 suis
1510 1185 1616 1250 verbis

324 1291 498 1356 dicendum
521 1294 600 1355 erat.

408 1392 500 1458 Haec
522 1394 670 1475 exempla
692 1393 736 1458 ad
762 1394 848 1458 viros
876 1395 982 1458 claros
1009 1393 1201 1458 attinebant.
1245 1391 1414 1456 Accedunt
1436 1410 1513 1455 vero
1542 1391 1615 1467 alia,

324 1515 408 1578 quae
430 1496 548 1560 adres
570 1496 719 1561 attinent.
763 1496 911 1578 Pugnam
933 1495 1173 1562 Marathoniam
1195 1495 1236 1558 ol.
1260 1494 1312 1558 77.
1335 1497 1356 1560 3
1379 1493 1615 1570 ascribendam,

325 1617 424 1679 quam
453 1598 626 1664 Armenius
656 1599 783 1664 silentio
812 1599 1054 1680 praetermitt't,
1087 1598 1303 1680 Hieronymus
1334 1597 1417 1661 falso
1452 1595 1493 1660 ol.
1522 1596 1572 1658 77.
1599 1597 1614 1658 1

324 1701 464 1765 ascribit.
499 1701 629 1783 Pugnas
646 1703 735 1784 apud
751 1702 902 1767 Plataeas
920 1705 952 1766 et
969 1701 1057 1783 apud
1073 1700 1219 1783 Mycalen
1236 1699 1426 1764 commissas
1443 1699 1616 1764 Armenius

323 1822 439 1884 parum
473 1808 621 1868 accurate
654 1805 696 1868 ol.
728 1806 779 1869 75.
813 1805 833 1869 3
867 1805 1013 1881 ascribit,
1051 1804 1266 1885 Hieronymus
1303 1803 1402 1867 etiarn
1434 1801 1617 1884 perversius

324 1906 366 1969 ol.
391 1906 441 1970 76.
468 1908 495 1970 1.
539 1906 596 1970 llle
622 1907 770 1972 Athenas
799 1927 820 1972 a
846 1907 953 1972 Xerxe
981 1907 1023 1971 ol.
1046 1907 1097 1970 74.
1121 1907 1141 1969 7
1169 1907 1318 1970 incensas
1346 1925 1418 1970 esse
1446 1905 1532 1981 dicit,
1564 1904 1618 1968 hic

324 2008 365 2072 ol.
390 2009 441 2073 74.
469 2009 505 2086 4,
538 2028 611 2073 cum
638 2010 672 2073 in
700 2010 742 2074 ol.
765 2012 816 2075 75.
839 2012 857 2074 ,1
887 2030 939 2074 res
970 2009 1129 2074 ceciderit.
1186 2009 1336 2091 Aegyptii
1364 2009 1420 2089 qui
1448 2008 1617 2073 Herodoto

324 2114 456 2176 auctore
484 2112 562 2196 (Vll,
589 2111 619 2195 1)
647 2117 763 2194 quarto
791 2117 867 2194 post
893 2133 1037 2195 pugnam
1063 2113 1302 2177 Marathoniam
1330 2112 1385 2196 (τ-
1407 2111 1449 2175 ol.
1468 2111 1518 2175 73.
1540 2109 1573 2193 3)
1596 2129 1618 2174 a

324 2213 432 2278 Persis
466 2213 667 2293 defecerunt,
700 2217 789 2297 apud
820 2216 1011 2280 Armenium
1045 2216 1087 2280 ol.
1117 2216 1168 2279 77.
1195 2217 1230 2293 4,
1265 2214 1353 2297 apud
1385 2214 1618 2295 Hieronymum

323 2316 365 2382 ol.
384 2316 435 2380 73.
459 2318 472 2379 1
499 2316 657 2382 defecisse
680 2318 837 2384 dicuntur.
871 2320 1102 2401 Aeginetarum
1124 2319 1241 2403 (Arm.:
1264 2317 1510 2401 Aegyptiorum)
1527 2317 1616 2398 prin-

324 2418 449 2499 cipatus
471 2419 661 2496 maritimus,
684 2440 782 2502 quem
804 2421 849 2485 illi
871 2422 984 2487 decern
1007 2441 1111 2486 annos
1133 2441 1236 2502 usque
1255 2422 1298 2485 ad
1314 2421 1429 2486 Xerxis
1446 2419 1616 2485 transitum

323 2521 503 2585 obtinuisse
532 2521 621 2600 apud
648 2522 839 2588 Armenium
867 2524 1025 2601 dicuntur,
1055 2525 1097 2588 ab
1125 2524 1242 2588 eodem
1270 2523 1311 2588 ol.
1336 2524 1386 2588 73.
1411 2524 1430 2587 3
1458 2523 1617 2604 ascriptus

324 2626 384 2700 est,
412 2642 485 2688 cum
513 2623 554 2687 ol.
579 2623 630 2688 77.
654 2625 673 2688 3
701 2625 797 2691 luerit
825 2627 1045 2692 ascribendus
1090 2627 1265 2692 Fabiorum
1294 2628 1411 2692 caedes
1433 2627 1476 2691 ab
1498 2626 1616 2690 Hiero-

323 2745 421 2808 nymo
452 2726 495 2790 ol.
524 2727 574 2790 77.
603 2727 626 2790 4
655 2729 796 2810 ascripto
827 2728 868 2794 ol.
897 2730 948 2795 75.
976 2730 999 2793 4
1027 2730 1220 2796 ascribenda
1249 2727 1356 2814 fuit2)
1411 2729 1553 2794 Romani
1582 2729 1617 2792 in

323 2829 440 2910 Algido
468 2833 579 2894 monte
607 2832 733 2896 obsessi
762 2836 794 2896 et
820 2853 842 2897 a
864 2832 1054 2898 Cincinnato
1077 2831 1213 2910 liberati,
1242 2852 1316 2897 oum
1346 2851 1432 2897 anno
1456 2832 1497 2896 ol.
1521 2833 1572 2896 80.
1596 2831 1616 2895 3

324 2934 482 2997 utendum
508 2933 613 3010 fuerit,
642 2934 684 2998 ab
712 2934 910 3018 Hieronymo
940 2936 981 2999 ol.
1007 2936 1058 3001 77.
1081 2936 1103 3000 4
1124 2931 1373 3018 ascribuntur.³)
1418 2934 1497 2999 Gelo
1521 2934 1617 3016 Syra-

324 3035 408 3099 cusis
436 3055 545 3101 rerum
566 3037 689 3117 potitos
712 3042 762 3101 est
788 3038 829 3102 ol.
854 3040 905 3104 73.
928 3040 960 3120 4,
968 3037 995 3117 ⁴)
1023 3058 1091 3103 non
1118 3038 1159 3102 ol.
1184 3038 1234 3102 73.
1261 3039 1289 3116 1,
1318 3037 1369 3102 cui
1392 3057 1477 3102 anno
1500 3037 1616 3102 Hiero-

322 3156 439 3218 nymus
462 3157 531 3201 rem
555 3139 696 3215 ascribit,
724 3159 823 3219 quam
845 3141 1017 3206 Armenius
1040 3145 1119 3205 item
1141 3160 1180 3206 ac
1201 3140 1376 3204 Fabiorum
1398 3140 1563 3204 interitum
1585 3143 1618 3204 et

325 3239 552 3305 Romanorum
574 3241 784 3305 obsessorum
806 3242 1033 3308 liberationem
1054 3244 1152 3325 plane
1175 3243 1303 3307 omittit.
1347 3242 1540 3321 Hieronem,
1562 3243 1618 3325 qui

324 3342 528 3408 dominatum
551 3343 592 3407 ol.
617 3344 667 3407 75.
692 3345 711 3406 3
734 3346 904 3427 acceperit,
915 3345 941 3429 ⁵)
964 3349 1075 3410 tamen
1096 3347 1269 3412 Armenius
1292 3346 1422 3411 ascribit
1445 3346 1488 3410 ol.
1511 3346 1561 3410 76.
1585 3347 1616 3422 3,

324 3444 540 3528 Hieronymus
563 3445 604 3510 ol.
626 3446 676 3511 76.
700 3447 720 3509 7
744 3450 776 3511 et
799 3447 840 3512 ol.
862 3450 912 3513 75.
936 3451 967 3513 4.

410 3548 508 3612 Plura
530 3548 647 3613 afferre
669 3569 735 3614 non
758 3570 841 3632 opus
864 3555 923 3616 est.
960 3551 1077 3616 Restat
1098 3571 1184 3616 nunc
1206 3555 1250 3628 ut,
1274 3571 1357 3633 quos
1376 3572 1537 3617 annorum
1555 3571 1616 3616 nu·

325 3669 432 3715 meros
462 3653 505 3716 ab
536 3653 744 3733 expectandis
773 3653 949 3718 abhorrere
978 3654 1133 3731 vidimus,
1168 3654 1230 3718 hac
1259 3655 1372 3719 tabula
1402 3656 1616 3737 comprehen-

326 3754 452 3817 damus

414 4011 435 4078 ¹)
462 4012 496 4065 cl.
514 4012 592 4066 Diod.
610 4013 655 4077 XI,
674 4013 715 4066 38.
743 4014 776 4067 cl.
795 4013 868 4067 Fast.
886 4013 955 4067 Hell.
973 4015 1014 4068 ed.
1033 4015 1159 4082 Krueger.

411 4094 434 4164 ²)
461 4094 578 4162 Fischer,
596 4099 675 4152 Rom.
694 4098 843 4180 Zeittaleln,
862 4115 889 4167 p.
907 4099 948 4152 73.

410 4180 434 4250 ³)
462 4184 494 4236 cl.
514 4183 630 4248 Fischer,
648 4184 728 4239 Rom.
746 4184 895 4249 Zeittaleln¹
914 4201 941 4252 p.
960 4185 1001 4238 77.

411 4266 434 4336 ⁴)
462 4269 494 4322 cl.
515 4267 594 4323 Diod.
611 4268 657 4334 XI,
675 4271 717 4324 38.

411 4353 434 4420 ⁵)
461 4354 495 4407 cl.
512 4355 591 4408 Diod.
609 4355 654 4420 Xl,
673 4356 714 4409 38.
