3604 5288
899 292 1112 356 „43-

361 463 508 550 scholion
530 464 698 545 quoddam
709 461 733 546 ¹)
757 463 801 528 ad
818 463 1001 528 Germanici
1016 463 1138 527 Aratea
1159 464 1336 545 pertinens
1360 484 1445 546 quae
1468 465 1511 529 ab
1528 465 1652 529 Avieno

360 567 508 648 neglecta
536 587 608 631 esse
629 585 698 630 non
718 571 867 648 possunt,
896 567 937 630 de
959 566 1021 631 hac
1043 587 1078 631 re
1101 567 1213 630 omnia
1234 567 1377 631 continet
1404 587 1490 649 quae
1511 568 1653 633 Avienus

360 670 494 752 profert.
530 671 594 749 Qui
615 670 822 753 Panyassidis
841 670 983 751 ignaruS,
1007 689 1063 734 cur
1084 668 1263 750 longiorem
1282 670 1351 734 eius
1368 674 1513 735 aetatem
1529 671 1653 749 dixerit,

361 774 427 838 iam
448 773 542 839 facile
565 778 615 838 est
636 773 810 838 intellectu.
845 771 933 838 Scire
957 772 1043 836 enim
1066 771 1209 853 cupiens,
1231 791 1296 854 quo
1319 776 1466 854 tempore
1482 773 1654 856 Panyassis

360 876 488 953 vixerit,
517 876 646 941 videtur
675 875 785 940 nescio
816 895 914 957 quem
944 875 1062 939 librum
1090 875 1261 952 evolvisse,
1290 876 1347 940 uhi
1376 897 1451 942 eum
1480 878 1523 941 ab
1546 877 1654 942 alteris

361 978 394 1042 in
417 982 525 1043 aetate
547 978 626 1043 belli
646 978 930 1059 Peloponnesiaci,
961 978 1004 1042 ab
1027 977 1137 1042 alteris
1158 977 1236 1041 belli
1257 977 1377 1044 Persici
1398 979 1542 1060 positum
1565 979 1654 1043 inve-

360 1081 454 1145 niret.
505 1081 578 1157 Qua
605 1099 641 1145 re
670 1081 765 1146 facile
791 1080 935 1146 Avienus
965 1098 1004 1145 eo
1034 1079 1153 1144 adduci
1179 1080 1286 1160 potuit
1317 1084 1354 1145 ut
1383 1081 1564 1163 longiorem
1587 1083 1655 1147 eius

300 1258 302 1261 .
361 1187 504 1248 aetatem
533 1183 632 1248 fuisse
662 1184 859 1265 opinaretur.
915 1185 1023 1265 Atque
1057 1183 1103 1247 ita
1134 1182 1203 1246 sine
1229 1183 1329 1248 dubio
1361 1185 1468 1250 evenit
1497 1188 1544 1263 ut,
1567 1185 1655 1266 quod

362 1288 402 1351 de
432 1286 640 1368 Panyassidis
672 1291 743 1352 tum
775 1287 905 1352 obscuri
931 1290 1039 1352 aetate
1068 1285 1148 1349 nibil
1182 1285 1292 1370 scivit,
1326 1288 1367 1352 de
1401 1307 1440 1352 ea
1474 1287 1654 1352 doctrinam

361 1392 507 1454 recenter
527 1393 677 1471 paratam
700 1390 805 1454 obiter
828 1393 1017 1454 ostentaret.
1061 1388 1146 1453 Nam
1169 1389 1336 1453 doctrinae
1360 1390 1536 1455 ostentatio
1554 1390 1655 1454 mani·

361 1493 445 1558 festa
467 1496 532 1571 est,
563 1513 637 1558 cum
666 1493 736 1558 sine
765 1493 831 1558 ulla
858 1493 1051 1557 necessitate
1081 1492 1123 1556 ab
1150 1490 1253 1555 Arato
1282 1491 1447 1557 declinans
1475 1492 1656 1574 Panyassin

362 1597 494 1677 eiusque
517 1599 660 1661 aetatem
682 1596 826 1660 Avienus
849 1596 996 1676 attingat.

447 1699 558 1780 Longe
586 1698 682 1780 igitur
711 1719 747 1763 re
776 1717 854 1763 vera
881 1699 966 1763 inter
996 1717 1031 1762 se
1062 1697 1184 1761 distant
1206 1701 1348 1775 aetates,
1371 1697 1405 1761 in
1427 1698 1544 1779 quibus
1567 1699 1656 1778 apud

361 1805 487 1866 veteres
508 1801 682 1883 Panyassis
704 1800 824 1873 florens
846 1801 1060 1882 positusest,
1089 1799 1179 1864 ouius
1209 1800 1324 1865 florem
1356 1800 1410 1864 alii
1432 1801 1602 1882 posuerint
1624 1801 1656 1864 in

361 1905 562 1985 temporibus
581 1904 658 1968 belli
672 1904 802 1981 Persici,
821 1904 875 1968 alii
892 1904 925 1968 in
941 1903 1052 1985 primis
1066 1903 1269 1983 temporibus
1288 1903 1366 1968 belli
1376 1903 1655 1985 Peloponnesiaci.

363 2007 489 2085 Quibus
512 2007 553 2071 de
577 2007 783 2088 opinionibus
806 2007 884 2088 quid
905 2006 1113 2071 iudicandum
1136 2006 1231 2070 nobis
1254 2006 1311 2084 sit,
1342 2007 1426 2072 infra
1449 2007 1655 2071 disseremus.

416 2385 463 2464 tlt.
506 2385 556 2466 lte
585 2385 815 2484 Panyasstdts
844 2404 975 2484 cenare
1003 2387 1039 2466 ot
1066 2403 1143 2465 curn
1173 2385 1352 2466 Herodoto
1381 2386 1604 2484 coplatione.

448 2547 538 2620 Patri
552 2556 760 2637 Panyassidis
781 2575 902 2620 nomen
917 2556 978 2620 fuit
994 2556 1183 2638 Polyarcho,
1206 2577 1274 2621 non
1291 2557 1403 2634 Diocli,
1416 2558 1516 2638 quod
1534 2575 1656 2619 nomen

363 2679 383 2722 a
411 2659 532 2723 Duride
561 2659 716 2724 traditum
746 2659 834 2740 apud
864 2659 1014 2736 Suidam,
1049 2678 1122 2723 cum
1156 2661 1286 2741 saepius
1319 2659 1528 2742 Panyassidis
1560 2662 1657 2740 pater

362 2761 554 2825 nominatim
572 2765 852 2838 commemoretur,
864 2758 890 2846 ²)
909 2765 1096 2828 constanter
1109 2766 1266 2843 tanquam
1279 2762 1533 2844 improbandum
1543 2761 1655 2842 negle-

358 2864 451 2945 gitur.
504 2866 612 2947 Atque
643 2865 782 2930 eandem
821 2865 1023 2946 opinionem,
1063 2885 1147 2946 quae
1177 2865 1358 2929 communis
1387 2865 1515 2929 videtur
1544 2863 1656 2940 fuisse,

357 2968 537 3034 Pausanias
566 2965 758 3051 sequitur.³)
811 2967 903 3045 Quae
933 2968 1029 3049 igitur
1050 2968 1145 3032 Duris
1176 2968 1217 3032 de
1244 2968 1453 3050 Panyassidis
1483 2967 1590 3049 patria
1618 2986 1656 3031 ac

358 3076 451 3153 patre
473 3072 616 3147 tradidit,
639 3070 924 3151 grammaticorum
947 3090 1108 3135 consensu
1130 3090 1235 3152 aeque
1257 3071 1443 3152 improbata
1466 3074 1550 3135 sunt.

445 3173 548 3238 Gente
569 3177 679 3237 utrum
699 3172 811 3236 Carica
830 3191 872 3235 an
892 3173 1015 3238 Graeca
1032 3173 1205 3255 Panyassis
1225 3177 1315 3238 ortus
1338 3174 1389 3251 sit,
1414 3173 1572 3237 incertum
1595 3175 1654 3236 est.

358 3274 499 3340 Nomina
519 3274 604 3339 enim
622 3295 682 3339 nec
693 3274 900 3356 Panyassidis
918 3275 1019 3357 ipsius
1035 3294 1096 3340 nec
1112 3276 1283 3358 Polyarchi
1301 3276 1403 3357 patris
1423 3276 1467 3340 ad
1484 3295 1553 3339 rem
1570 3274 1655 3339 iudi-

359 3378 532 3442 dicandam
554 3378 734 3459 quidquam
749 3377 869 3442 valent.
903 3378 1053 3444 Forsitan
1069 3380 1102 3443 in
1123 3384 1223 3461 poeta
1240 3383 1354 3444 nostro
1372 3378 1504 3460 sanguis
1522 3377 1655 3442 Caricus
1772 3451 1773 3470 ρ

360 3500 432 3544 cum
453 3479 576 3544 Graeco
599 3481 718 3544 mixtus
740 3480 845 3557 fuerit,
867 3484 904 3544 ut
922 3480 1161 3547 Halicamassei
1182 3483 1248 3547 iam
1269 3482 1397 3564 pridem
1421 3501 1439 3545 e
1462 3480 1600 3545 Caribus
1624 3483 1656 3543 et
1772 3489 1773 3494 ’

360 3582 490 3647 Graecis
512 3587 605 3646 erant
627 3583 807 3664 compositi.

444 3685 489 3750 At
515 3684 617 3748 nobili
644 3705 762 3766 genere
785 3687 863 3766 quin
886 3690 976 3752 ortus
998 3688 1049 3765 sit,
1073 3687 1209 3752 dubium
1230 3691 1405 3769 propterea
1425 3705 1494 3750 non
1515 3684 1654 3762 videtur,

360 3787 448 3870 quod
471 3792 627 3868 cognatus
650 3788 709 3852 fuit
731 3788 899 3853 Herodoti.
939 3790 969 3853 ls
993 3790 1078 3853 enim
1095 3789 1420 3854 Halicamasseorum
1442 3789 1601 3853 nobilium
1621 3788 1655 3851 in

359 3909 494 3954 numero
525 3890 625 3954 fuisse
655 3891 754 3956 Suida
783 3895 867 3956 teste
896 3891 935 3975 (ε.
959 3891 1002 3975 ν.)
1033 3893 1164 3970 dicitur,
1193 3892 1282 3956 cuius
1313 3892 1538 3956 testimonium
1569 3891 1654 3955 acci-

359 3993 513 4073 piendum
537 4013 609 4057 esse
627 3993 711 4058 infra
733 3995 915 4076 apparebit.

448 4231 468 4298 ¹)
496 4249 520 4286 v.
540 4233 582 4285 64.
616 4233 674 4286 Vol.
693 4234 727 4298 ΙΙ,
745 4249 771 4300 p.
789 4233 823 4285 la
841 4232 937 4287 Buhle.
972 4234 1053 4301 Apud
1070 4232 1275 4286 Tzschimerum
1293 4233 1310 4285 l.
1329 4249 1351 4286 c.
1370 4233 1419 4302 lrg.
1440 4236 1480 4289 10.

445 4317 467 4386 Ἃ)
495 4336 516 4372 a.
534 4335 560 4371 v.
579 4315 717 4385 Πανύασις,
741 4316 896 4389 Πολυάρχου
915 4359 921 4371 .
941 4357 948 4371 .
965 4316 1054 4387 Δοῦρις
1073 4319 1099 4371 u
1117 4314 1253 4377 Διοκλέους
1276 4336 1304 4369 τε
1323 4319 1403 4371 παῖδα
1422 4319 1548 4388 ἀνέγραψε
1568 4359 1574 4371 .
1593 4358 1599 4370 .
1620 4355 1650 4370 ..

358 4405 445 4472 attona
464 4403 510 4471 γὰρ
529 4401 655 4464 Πανύασις
673 4401 835 4475 Πολυάρχου,
854 4403 867 4456 ὁ
886 4400 903 4455 δ’
922 4400 1064 4473 Ἡρόδοτος
1082 4401 1175 4471 Λύξου,
1193 4404 1239 4457 τοῦ
1257 4402 1412 4475 Πολυάρχου
1432 4405 1551 4471 ἀδιλφοῡ.

445 4488 468 4556 ³)
494 4489 526 4543 X.
544 4490 569 4543 8.
588 4491 613 4543 9.
649 4487 791 4549 Πανύασσις
809 4490 836 4541 δὲ
854 4487 1008 4561 Πολυάρχου
1026 4491 1173 4560 acromate<
1191 4491 1225 4549 εἰς
1241 4487 1372 4559 Ἠρακλέα
1391 4491 1448 4560 ἔπη.
