3604 5288
723 313 934 378 „43-

185 484 346 549 ascribere
368 503 556 565 possumus,
585 484 775 566 praesertim
803 503 876 548 cum
906 503 973 549 non
999 485 1105 548 solum
1132 485 1174 548 ab
1192 484 1260 549 'hac
1283 485 1476 568 olympiade,

184 588 242 652 sed
265 587 363 652 etiam
386 588 428 651 ab
452 586 522 651 aliis
543 585 734 669 propinquis
755 607 807 651 res
830 587 988 669 ascriptae
1010 586 1136 668 longius
1157 590 1303 652 remotae
1325 588 1398 652 sint.

272 689 339 755 Sed
363 691 542 767 videamus,
570 690 736 771 quomodo
763 710 816 755 res
844 711 879 755 se
907 690 1037 756 habeat.
1091 689 1251 755 Pindarus
1281 690 1413 772 quidem
1442 695 1475 756 et

184 793 379 869 Simonides,
402 793 480 875 quin
501 793 544 857 ol.
568 794 618 856 73.
643 795 662 857 7
685 792 768 857 falso
791 793 922 874 ascripti
944 793 1009 858 sint
1032 796 1064 856 et
1091 793 1133 856 ol.
1157 793 1198 858 75
1225 793 1343 858 ascribi
1369 793 1473 859 debu·

183 895 276 974 erint,
299 895 433 960 dubium
455 914 522 960 non
543 896 679 960 videtur.
723 895 901 960 Pindarum
925 896 1012 960 enim
1035 895 1077 959 ol.
1098 897 1139 960 75
1161 896 1309 960 floruisse
1327 901 1474 962 veterum

183 1016 345 1063 consensu
367 1002 504 1062 constat.
516 997 540 1082 1)
583 999 632 1062 De
654 997 831 1064 Simonidis
853 1003 963 1064 autem
985 1002 1093 1063 aetate
1121 999 1281 1064 dissensio
1309 1019 1381 1065 esse
1407 1019 1474 1065 non

181 1104 321 1182 poterat.
366 1099 439 1178 Quo
462 1101 548 1165 enim
569 1105 717 1183 ternpore
739 1105 836 1166 natus
859 1106 954 1179 esset,
977 1101 1048 1182 ipse
1069 1101 1231 1166 indicavit.
1269 1101 1309 1167 Et
1327 1103 1428 1168 verba
1447 1107 1475 1170 ot

182 1206 217 1269 δὲ
244 1206 291 1268 ἐπὶ
317 1209 369 1289 τῆς
396 1207 437 1291 ξβ’
463 1207 649 1290 ὀλυμπιάδος
680 1225 697 1268 e
728 1204 848 1268 Suidae
877 1204 961 1282 loco,
991 1205 1047 1286 qui
1076 1205 1117 1268 de
1146 1204 1215 1268 eius
1243 1209 1351 1270 aetate
1379 1203 1472 1291 est,²]

182 1306 329 1372 eicienda
351 1327 423 1372 esse
445 1308 511 1371 iam
533 1327 633 1388 supra
655 1307 958 1372 demonstravimus.
996 1307 1140 1388 Intellegi
1157 1307 1253 1388 igitur
1270 1327 1336 1372 non
1355 1314 1473 1389 potest,

182 1410 461 1491 quamobcausam
483 1409 658 1492 olympiadi
677 1410 718 1474 73
741 1410 787 1474 illi
809 1409 941 1492 ascripti
959 1410 1033 1487 sint,
1053 1429 1136 1491 quos
1156 1410 1183 1474 si
1201 1411 1356 1491 aequales
1374 1411 1474 1477 luisse

180 1513 215 1576 in
242 1516 426 1594 temporum
452 1513 566 1578 tabula
593 1512 841 1595 significandum
871 1517 957 1590 erat,
986 1511 1057 1577 sola
1084 1513 1126 1577 ol.
1150 1512 1191 1577 75
1221 1517 1300 1594 apta
1330 1518 1401 1579 erat
1423 1515 1474 1580 cui

181 1615 427 1681 ascriberentur.
471 1616 561 1680 Idem
590 1617 676 1680 enim
698 1617 878 1698 significare
900 1616 956 1696 qui
982 1619 1117 1680 conatus
1144 1615 1213 1692 erit,
1239 1616 1309 1698 ipse
1332 1617 1473 1699 reliquas

181 1737 295 1783 omnes
317 1719 444 1801 ineptas
468 1738 540 1783 esse
562 1718 736 1800 intelleget.

267 1822 361 1887 Nunc
390 1822 433 1886 ad
463 1841 520 1886 eos
549 1826 698 1899 transeo,
732 1822 787 1904 qui
816 1821 905 1903 apud
927 1821 1160 1903 Hieronymum
1190 1822 1231 1887 ol.
1256 1824 1307 1889 70.
1333 1825 1361 1901 l,
1384 1825 1473 1906 apud

179 1925 370 1990 Armenium
403 1925 445 1988 ol.
476 1926 527 1988 69.
558 1925 578 1989 3
605 1925 737 2007 ascripti
763 1928 847 1989 sunt.
902 1924 928 1987 li
957 1943 1071 1988 omnes
1099 1925 1205 1988 neutri
1236 1945 1323 1990 anno
1356 1927 1473 1991 ascribi

180 2029 371 2093 debuerunt.
414 2027 601 2092 Hellanicus
624 2028 724 2105 enirn,
751 2047 849 2109 quem
872 2026 916 2090 illi
937 2031 1008 2092 tum
1029 2027 1126 2090 laude
1148 2028 1296 2092 floruisse
1319 2027 1472 2114 dicunt‚³)

180 2132 223 2196 ab
257 2131 327 2196 aliis
360 2131 402 2195 ol.
433 2131 471 2195 71
507 2134 604 2195 natus
637 2129 772 2214 lertur⁴l
806 2134 903 2212 atque
938 2133 1002 2206 est,
1040 2148 1095 2193 cur
1129 2149 1204 2194 eum
1237 2132 1336 2196 etiam
1368 2132 1472 2197 multo

178 2239 254 2316 post
269 2234 333 2298 hoc
348 2238 478 2316 tempus
494 2237 608 2298 natum
630 2253 702 2298 esse
724 2232 918 2316 putemus.⁵)
950 2232 1153 2297 Democritus
1175 2237 1295 2313 autem,
1319 2254 1416 2316 quem
1440 2240 1473 2301 et

179 2337 287 2418 ipsum
313 2336 461 2401 floruisse
489 2335 534 2400 illi
561 2337 681 2414 dicunt,
709 2337 818 2401 multis
845 2336 939 2402 annis
966 2338 1042 2417 post
1069 2335 1110 2399 ol.
1135 2336 1293 2401 lunatos
1316 2341 1375 2414 est,
1399 2358 1473 2402 cum

180 2459 215 2503 se
237 2439 432 2520 Anaxagora
460 2444 649 2505 senescente
675 2441 824 2504 iuvenem
845 2438 945 2504 tuisse
968 2438 1037 2520 ipse
1060 2438 1152 2503 testis
1176 2437 1261 2522 site)
1305 2439 1471 2522 Reliquos

180 2542 235 2623 qui
253 2542 325 2606 loco
344 2543 563 2622 nominantur,
583 2543 771 2608 omittimus.
805 2541 890 2606 Nam
908 2542 1016 2606 locum
1034 2540 1118 2606 falso
1137 2543 1277 2624 tempori
1296 2543 1473 2626 ascriptum

180 2663 252 2710 esse
274 2645 352 2709 satis
375 2650 521 2725 apparet.

265 2747 410 2812 Tertium
426 2748 533 2813 locum
551 2749 592 2813 de
606 2748 749 2813 Pindaro
765 2747 878 2825 aliem,
895 2747 951 2829 qui
965 2749 1085 2813 florens
1093 2746 1120 2832 7)
1137 2749 1225 2829 apud
1237 2748 1471 2832 Hieronymum

180 2851 222 2914 ol.
246 2851 297 2914 76.
325 2851 361 2928 A,
390 2852 479 2933 apud
504 2851 681 2916 Eusebium
709 2851 799 2915 Arm.
828 2851 869 2914 ol.
893 2851 945 2914 77.
972 2852 986 2914 1
1019 2851 1178 2931 ascriptus
1212 2852 1361 2916 habetur.
1413 2853 1472 2918 His

180 2957 290 3017 autem
317 2955 410 3018 annis
438 2953 501 3018 nisi
528 2954 611 3018 falso
638 2955 757 3019 ascribi
777 2973 846 3019 non
866 2955 985 3035 potuit.
1029 2953 1112 3018 Nam
1135 2953 1295 3017 Pindarus
1317 2955 1413 3018 tertio
1436 2975 1471 3020 se

180 3055 370 3138 olympiadis
386 3077 473 3121 anno
493 3061 607 3121 natum
625 3077 697 3121 esse
713 3057 783 3140 ipse
800 3057 879 3121 dixit
897 3077 936 3120 ex
951 3076 1016 3138 quo
1034 3053 1252 3140 appareretfll
1285 3057 1333 3120 Ac
1350 3058 1471 3122 florens

178 3159 265 3224 bello
291 3159 421 3224 Persico
447 3159 644 3241 reliquorum
671 3178 831 3224 consensu
858 3159 998 3241 ponitur.
1043 3158 1178 3223 Accedit
1199 3179 1292 3236 vera,
1322 3161 1409 3241 quod
1438 3161 1472 3224 in

178 3261 363 3340 Hieronem,
387 3263 442 3343 qui
464 3263 552 3345 apud
573 3262 807 3345 Hieronymum
829 3263 870 3327 ol.
888 3263 940 3327 76.
961 3262 992 3340 7,
1015 3261 1103 3344 apud
1124 3261 1315 3326 Armenium
1332 3262 1373 3327 ol.
1387 3263 1472 3327 76.4

179 3364 337 3447 ascriptus
355 3385 394 3430 ac
411 3365 553 3430 Pindaro
571 3366 767 3430 antecedens
785 3369 1066 3442 commemoretur,
1085 3365 1127 3429 ab
1146 3364 1187 3428 ol.
1201 3365 1252 3429 75.
1271 3365 1290 3428 3
1309 3369 1472 3429 remotum

267 3568 288 3636 1)
314 3570 347 3623 cl.
364 3570 462 3625 Rohde
478 3571 530 3626 nh.
548 3571 582 3625 M.
601 3572 647 3636 33,
672 3588 698 3639 p.
718 3571 781 3624 188:
807 3571 871 3636 ,Die
888 3571 1043 3640 Ansetzung
1065 3571 1113 3624 der
1135 3570 1207 3639 ἀκμή
1230 3571 1278 3624 des
1301 3571 1401 3625 Pindar
1425 3571 1475 3624 aul

179 3655 221 3710 dic
235 3655 293 3710 Zeit
307 3657 355 3710 der
368 3654 479 3726 Περσικά
491 3673 548 3710 war
562 3657 698 3710 durchaus
711 3658 870 3726 stereotyp.‘
890 3685 924 3695 -
942 3657 982 3710 De
995 3656 1133 3710 Simonide
1147 3657 1180 3711 cl.
1195 3657 1293 3712 Rohde
1305 3657 1323 3710 l.
1338 3673 1360 3710 c.
1375 3674 1401 3725 p.
1413 3657 1470 3712 187.

266 3740 288 3809 ²)
315 3741 390 3799 Suid.
408 3759 429 3795 s.
447 3759 472 3795 v.
491 3743 637 3796 Simonidis
655 3743 706 3796 Jul.
725 3771 758 3780 -
777 3743 810 3796 ct.
828 3759 854 3811 p.
874 3742 915 3796 13.

264 3825 288 3896 ³)
316 3828 506 3896 Hieronymus:
534 3829 691 3882 Hellanicus
713 3827 920 3896 historiografus
947 3834 974 3882 et
996 3828 1166 3883 Democritus
1192 3829 1315 3882 filosofus
1341 3834 1367 3882 et
1389 3829 1472 3882 Hera·

178 3913 256 3967 clitus
280 3919 460 3982 cognomento
483 3915 645 3968 tenebrosus
666 3919 693 3968 et
716 3914 894 3982 Anaxagoras
917 3913 1017 3982 tysicus
1040 3914 1104 3967 clari
1126 3915 1268 3968 habentur.
1303 3913 1471 3966 Hellanicum

178 4015 240 4053 cum
258 4000 301 4055 his
318 3999 487 4070 philosophis
503 3999 594 4068 inepte
611 3999 788 4054 coniunctum
805 4015 864 4053 asse
882 3999 1056 4053 manifestum
1074 4003 1122 4053 est.

265 4085 288 4155 ⁴)
316 4088 344 4141 cl
368 4086 440 4140 Diels
457 4085 511 4138 Rh.
528 4084 562 4138 Μ.
580 4085 622 4150 31,
641 4102 666 4154 p.
679 4085 785 4154 dtisqq.

264 4172 286 4236 ⁵)
312 4173 345 4226 ci.
363 4189 389 4226 v.
406 4171 593 4237 Wilamowitz,
611 4171 702 4226 Herm.
719 4172 764 4236 XI,
783 4172 834 4226 797
852 4171 900 4240 qui
918 4188 980 4225 eum
998 4171 1033 4225 ol.¹
1049 4172 1082 4225 81
1102 4172 1210 4225 demurn
1228 4171 1395 4224 serenatum
1414 4186 1472 4224 csse

179 4258 353 4313 demonstrat.

264 4342 286 4411 θ)
313 4345 346 4398 ct.
365 4344 444 4408 Diels,
463 4344 480 4396 l.
499 4360 521 4396 c.
540 4359 566 4411 p.
584 4343 697 4396 77-79.

265 4427 287 4496 ⁷)
313 4429 506 4498 Hieronymus:
532 4430 621 4483 clarus
638 4429 761 4493 habetur,
780 4429 878 4482 Euseb.
895 4429 970 4482 Arm.
983 4425 1148 4496 ·(Schoene):
1167 4426 1282 4480 florebat
1299 4424 1387 4493 (erat).

264 4513 288 4582 9)
314 4515 347 4568 ci.
366 4515 458 4583 Tycho
477 4515 636 4579 Mommsen,
654 4514 793 4579 Pindasos,
812 4531 838 4583 p.
857 4515 891 4567 79
906 4531 974 4582 sqq,
993 4513 1089 4582 Bergk,
1107 4513 1157 4582 frg.
1177 4514 1234 4567 175.
