3604 5288
840 313 1052 375 -Ῑῇ-

299 485 526 568 personalibus
548 482 739 564 '’Odaoaoorr,
773 483 915 568 Κῖσσαμις
927 483 962 566 ¹),
988 475 1142 569 ”Apianae
1154 481 1180 568 ²)
1214 482 1414 564 respondent
1444 479 1592 561 Οὐασοός,

300 586 500 673 Κίσσαμος3),
513 579 713 673 Ἀρλισσοςῖ)
735 587 861 652 localia.
886 623 927 634 -

386 708 502 772 Utrum
525 733 544 772 α
566 709 659 772 litera
677 699 802 780 ’Υασσις
823 707 964 771 nominis
986 707 1094 771 lonice
1116 706 1234 771 redditi
1263 707 1296 770 in
1318 731 1338 790 η
1361 705 1526 770 transierit
1548 727 1592 771 an

301 813 429 875 servata
440 811 491 888 sit,
503 809 639 875 dubium
649 811 869 892 relinquimus.
892 811 1016 892 Aperta
1032 810 1164 892 quidem
1176 829 1228 873 res
1242 812 1338 889 esset,
1354 809 1380 873 si
1396 835 1476 882 ασσις
1489 809 1592 874 exitus

299 932 360 994 pro
383 912 500 1002 suffixo
522 913 578 976 illo
600 913 772 978 habendus
795 917 891 991 esset,
914 914 1003 994 quod
1025 914 1058 977 in
1082 909 1255 984 Ὀἁσσασσις
1276 912 1409 976 nomine
1431 916 1536 977 exstat
1558 917 1591 977 et

300 1016 334 1079 in
367 1015 553 1080 nominibus
583 1015 741 1079 localibus
773 1040 862 1088 ασσος
892 1022 950 1081 θεῖ.
1005 1015 1076 1080 Ηοθ
1106 1015 1193 1079 enim
1222 1034 1289 1078 non
1317 1015 1423 1079 solum
1450 1039 1531 1088 ασσις
1560 1020 1593 1080 θῖ

302 1144 392 1191 aanor
419 1118 542 1195 formis,
573 1120 631 1183 sed
659 1119 758 1183 etiam
786 1119 901 1184 Ionicis
926 1144 1009 1204 ησαις
1038 1122 1070 1184 θῖ
1096 1116 1221 1204 ησοοςὸ)
1244 1118 1400 1182 traditum
1421 1119 1591 1183 habemus.

300 1221 346 1284 At
373 1221 424 1284 bis
451 1221 539 1285 idern
570 1221 722 1286 suffixum
748 1222 782 1286 in
805 1220 980 1295 Ὀἁσσασσις
1005 1222 1137 1286 nomine
1166 1241 1237 1286 esse
1265 1240 1332 1284 non
1353 1225 1473 1302 potest,
1502 1223 1592 1286 cuius

300 1324 441 1388 nominis
463 1325 605 1405 priorem
626 1329 755 1406 partem
777 1327 932 1407 quoniam
954 1325 1141 1389 nominibus
1157 1319 1280 1396 ’Υαασις
1299 1327 1331 1387 θῖ
1348 1322 1483 1397 Oderunt:
1500 1326 1593 1390 reddi

300 1426 450 1504 vidimus
472 1427 552 1491 nihil
574 1431 633 1505 est,
656 1447 696 1492 ex
718 1448 784 1509 quo
807 1429 840 1492 in
862 1429 901 1492 iis
923 1454 943 1493 α
964 1429 1092 1492 literam
1113 1427 1221 1492 lonice
1243 1429 1310 1512 inp
1330 1427 1485 1492 transisse
1505 1432 1592 1492 certe

301 1533 469 1610 appareat.
503 1531 617 1613 Neque
632 1532 718 1595 enim
733 1550 856 1596 nomen
871 1531 1030 1609 Caricam,
1047 1532 1136 1612 quod
1153 1531 1294 1595 nominis
1311 1531 1452 1594 formam
1467 1522 1591 1617 Ὕησοις

302 1651 435 1714 quoquo
457 1634 557 1697 modo
580 1635 709 1713 indicet,
731 1635 832 1699 ullum
855 1635 1023 1699 invenitur.
1063 1635 1098 1700 Si
1119 1654 1196 1700 vero
1220 1654 1260 1698 ex
1282 1634 1427 1719 Ἀσσησός
1449 1635 1591 1712 nomine,

302 1735 391 1799 cuius
404 1756 481 1817 pars
496 1739 585 1819 prior
599 1737 633 1801 in
645 1735 781 1810 Οὐασσός
797 1739 928 1803 nomine
945 1738 1046 1802 latere
1062 1739 1198 1815 videtur,
1217 1738 1448 1802 documentum
1464 1757 1593 1800 sumere

302 1837 385 1916 licet,
415 1835 595 1913 Ὀάσσασσις
629 1845 660 1905 ct
686 1835 810 1912 Ὗασοῖς
842 1841 976 1904 nomina
1006 1841 1113 1905 Ionice
1136 1841 1320 1905 dictasunt
1347 1837 1527 1925 Ὀάσσησσῑς
1560 1843 1594 1904 et

292 1931 428 2016 'lucore

387 2063 486 2129 Plura
512 2064 553 2127 de
576 2065 741 2136 Πανύασσις
770 2064 902 2128 nomine
929 2063 992 2128 dici
1018 2084 1086 2128 non
1112 2067 1260 2146 possunt,
1290 2063 1368 2144 quin
1394 2063 1428 2126 in
1448 2063 1593 2144 linguam

302 2164 450 2230 Caricam
483 2167 590 2231 adbuc
617 2168 881 2231 obscurissimam
910 2167 1090 2232 accuratius
1116 2168 1305 2248 inquiratur.
1357 2166 1405 2229 De
1435 2186 1475 2230 ea
1508 2185 1592 2248 quae

301 2268 555 2346 observavimus
578 2269 641 2333 alio
663 2269 735 2333 loco
759 2289 968 2351 exponemus.

809 2595 846 2674 ΙΙ.
884 2597 933 2676 lla
961 2597 1087 2696 patria.

389 2747 655 2813 Halicarnasseus
678 2750 756 2831 quin
777 2750 950 2832 Panyassis
972 2754 1072 2832 poeta
1093 2749 1198 2827 fuerit,
1222 2750 1362 2814 dubitari
1384 2768 1451 2812 non
1472 2751 1593 2831 potest,

304 2850 364 2914 etsi
385 2849 480 2916 Duris
510 2871 585 2916 eum
615 2852 762 2917 Samium
790 2853 979 2917 nominavit.
987 2851 1015 2937 ὃ)
1064 2852 1331 2928 Halicarnasseus
1361 2852 1448 2916 enim
1477 2871 1543 2915 non
1573 2871 1595 2915 a

304 2952 438 3039 Suida⁶)
457 2955 527 3018 solo
546 2956 741 3033 nominatur,
764 2957 941 3021 sedetiam
960 2977 980 3021 a
999 2956 1166 3022 Clemente
1183 2953 1445 3039 Alexandrinae
1479 2956 1594 3037 Neque

302 3055 403 3120 ullam
432 3057 473 3121 de
499 3059 607 3139 patria
628 3058 865 3124 dissensionem
888 3079 959 3124 esse
980 3080 1079 3141 posse
1102 3079 1142 3123 ex
1164 3079 1203 3123 eo
1226 3062 1372 3140 apparet,
1395 3057 1484 3138 quod
1506 3057 1594 3138 apud

304 3158 449 3237 Suidam,
473 3180 547 3223 cum
562 3161 657 3225 Duris
675 3164 788 3225 auctor
806 3163 999 3226 nominatim
1017 3163 1300 3238 commemoretur,
1320 3165 1452 3225 auctore
1471 3161 1593 3223 omisso

302 3261 476 3344 Panyassis
506 3264 552 3327 ita
580 3263 846 3329 Halicarnasseus
878 3264 1059 3329 declaretur
1089 3269 1125 3328 ut
1155 3265 1240 3328 hanc
1273 3264 1461 3345 opinionem
1494 3263 1593 3327 fuisse

304 3382 512 3430 communem
539 3370 706 3448 appareat.
757 3367 849 3444 Quae
880 3367 989 3431 omnia
1017 3367 1135 3431 docent
1161 3367 1291 3431 Duridis
1313 3367 1499 3431 testimonio
1523 3385 1592 3430 rem

303 3485 370 3531 non
399 3468 557 3533 incertam
579 3470 658 3549 fieri,
689 3471 756 3534 sive
778 3470 898 3535 falsum
928 3475 977 3534 est
999 3470 1066 3534 sive
1089 3470 1234 3552 opinioni
1264 3470 1427 3534 communi
1456 3469 1590 3533 omnino

303 3587 371 3632 non
393 3572 598 3636 contrarium.

391 3739 413 3808 l)
440 3741 545 3796 Nomen
564 3743 612 3798 Coi
630 3744 687 3798 fuit.
714 3746 746 3799 cf.
765 3745 846 3813 Pape,
864 3745 1056 3813 Eigennamen.

391 3826 413 3894 ²)
440 3829 557 3883 Dittenb.
576 3830 639 3899 Syll.
657 3830 707 3884 No.
726 3831 780 3887 tid.
799 3833 823 3884 6.
849 3830 901 3884 No.
921 3831 961 3888 76,
980 3831 1005 3884 4.
1023 3831 1105 3885 liter.

389 3909 413 3979 ³)
440 3913 545 3968 Nomen
563 3916 637 3970 urbis
652 3915 784 3970 Cretensis
802 3917 859 3970 suit.
886 3917 917 3970 ln
933 3915 1012 3971 Creta
1030 3917 1170 3984 quondam
1184 3915 1264 3970 Cares
1282 3916 1383 3970 sedisse
1399 3916 1455 3970 iarn
1468 3914 1594 3968 diximus.

389 3997 413 4065 ⁴)
440 3999 546 4054 Nomen
564 4002 638 4055 urbis
656 4001 765 4056 Caricae
783 4002 840 4056 fuit.
876 4002 903 4056 C.
922 4003 942 4059 Ι,
961 4002 993 4055 Α.
1011 4003 1024 4056 1
1042 4002 1100 4055 935.
1119 4001 1149 4054 ir.
1169 4002 1211 4056 67.

245 4153 246 4158 ¹
390 4084 413 4151 ⁵)
440 4085 479 4140 Cf.
495 4088 607 4140 nomina
619 4084 822 4158 Ἃλικαρνησσός
840 4088 914 4154 (Ditt.
925 4088 985 4156 Syll.
996 4088 1045 4142 No.
1056 4089 1080 4142 6.
1089 4088 1133 4153 lo)
1153 4093 1179 4141 et
1192 4084 1402 4154 ‘Aliacpvccoda
1421 4103 1492 4156 quae
1506 4087 1595 4140 ronna

303 4170 384 4239 longe
398 4171 573 4226 usitatissima
586 4179 640 4237 θεῖ,
658 4203 692 4212 -
714 4171 838 4244 'demetr
852 4174 943 4240 Steph.
960 4173 1022 4242 Byz.
1038 4172 1083 4240 (ci.
1100 4171 1238 4244 Ἀσαησσῖα
1252 4175 1314 4228 Her.
1330 4174 1351 4230 I.
1367 4171 1410 4240 19)
1425 4168 1595 4242 ethoacct:

305 4257 342 4311 St.
360 4257 393 4311 B.
417 4257 460 4325 (cs.
479 4254 566 4328 Κρυής
584 4260 616 4312 D.
635 4260 672 4323 S.)
696 4288 729 4298 -
748 4255 888 4329 Ἀρβησσις
905 4259 968 4312 Ditt.
985 4259 1047 4328 Syll.
1068 4260 1092 4312 6.
1110 4260 1148 4314 la.
1167 4260 1200 4312 ld
1218 4265 1244 4314 et
1265 4255 1432 4330 Κβονδίασσις
1450 4258 1513 4312 Diti.
1531 4257 1593 4326 Syll.

304 4342 354 4396 No.
373 4344 419 4396 dc.
437 4345 480 4397 59.

390 4427 414 4496 ⁶)
440 4428 658 4490 salicitana

392 4513 413 4582 ⁷)
441 4517 539 4570 Strom.
559 4517 602 4570 Vl.
621 4517 645 4574 2.
664 4517 705 4570 25.
