3604 5288
714 313 927 377 ,37-

260 485 290 548 8.
324 504 349 548 s
372 505 402 548 v.
425 485 589 552 Isocratis:
617 487 774 569 γενόμενος
798 487 845 549 ἐπὶ
865 489 917 569 τῆς
940 493 988 559 nr!
1013 488 1192 569 ὀλυμπιάδος
1215 475 1233 550 δ’
1256 489 1317 552 ἐστι
1339 489 1412 572 μετὰ
1431 489 1466 552 τὰ

172 589 445 673 Πελοποννησιακά.

258 689 462 772 Depravatus
485 691 538 756 hic
559 691 649 755 locus
673 691 790 756 eodem
811 691 912 755 modo
935 694 995 769 est,
1018 711 1083 773 quo
1106 693 1281 773 proximus
1323 694 1467 758 Verbum

172 793 260 859 enim
291 796 379 878 μετά,
411 813 600 876 quanquam
628 794 766 859 Coraem
793 797 967 876 sequentes
1001 814 1116 859 omnes
1146 795 1213 860 fere
1244 799 1320 861 κατά
1344 795 1466 878 legunt,

170 900 283 961 tamen
313 896 393 960 satis
427 916 466 961 eo
496 901 634 975 constat,
665 898 754 979 quod
784 897 892 962 verbis
925 899 1001 962 κατὰ
1034 900 1071 963 τὰ
1104 899 1367 984 Πιλοπσννησισικά
1399 920 1466 964 non

172 1000 214 1064 ol.
232 1000 274 1063 86
296 998 503 1080 significatur,
527 999 586 1064 sed
608 1000 649 1064 ol.
667 1002 719 1078 87,
742 1021 763 1065 a
785 991 851 1082 qua
871 1000 995 1064 bellum
1012 1000 1327 1082 Peloponnesiacum
1344 1003 1465 1084 incipit.

170 1101 299 1166 Aetatis
327 1102 442 1166 florem
477 1102 504 1166 si
533 1101 567 1166 in
596 1103 845 1184 quadragesimo
875 1102 961 1167 vitae
990 1123 1077 1167 anno
1107 1105 1273 1185 ponium,
1306 1106 1465 1170 Isocrates

172 1205 213 1270 ol.
230 1206 272 1269 86
288 1208 384 1270 natus
402 1204 443 1269 ol.
461 1206 502 1270 96
518 1209 627 1271 aetate
645 1205 763 1285 floruit,
781 1205 870 1288 quod
885 1209 1026 1287 tempus,
1042 1226 1116 1272 cum
1131 1207 1211 1272 illud
1226 1209 1349 1274 bellum
1364 1209 1466 1273 olel.

172 1308 355 1372 confectum
378 1307 429 1384 sit,
458 1308 566 1373 verbis
593 1311 667 1394 μετὰ
694 1312 731 1374 τὰ
752 1311 1016 1395 Πελοποννησιακά
1045 1309 1252 1391 significatur.
1302 1311 1465 1389 Quoniam

171 1411 268 1492 igitur
288 1412 389 1476 verba
411 1400 428 1476 δ
451 1413 510 1476 ἐστι
532 1417 594 1476 κτλ.
618 1431 770 1494 perverse
792 1431 853 1494 pro
875 1412 983 1476 verbis
1006 1413 1108 1497 γέγονε
1129 1413 1181 1478 vel
1203 1410 1237 1498 ἦν
1261 1414 1316 1499 (=
1334 1406 1464 1500 ἤκμασε)
1593 1455 1596 1462 .

171 1517 245 1598 μετὰ
273 1515 311 1578 τὰ
339 1515 603 1598 Πιλοποννησιακά
630 1519 762 1596 sumpta
790 1518 881 1592 sunt,
911 1515 964 1580 hic
990 1516 1080 1581 locus
1108 1517 1224 1581 eadem
1251 1537 1326 1581 cum
1353 1517 1464 1598 negle-

170 1617 281 1698 gentia
307 1636 346 1681 ac
373 1621 559 1699 temporum
581 1619 764 1700 ignorantia
792 1619 992 1700 compositus
1020 1623 1083 1698 est,
1112 1638 1212 1700 quam
1243 1619 1357 1684 ceteris
1384 1619 1464 1684 locis

172 1719 390 1801 cognovimus.
442 1721 491 1784 Ac
520 1721 694 1787 marriiesta
723 1724 773 1785 est
801 1722 978 1786 similitudo
1006 1723 1089 1787 inter
1116 1724 1216 1788 verba
1239 1711 1257 1788 ά
1279 1725 1338 1788 ἐστι
1361 1726 1394 1787 et
1414 1725 1465 1787 καὶ

171 1825 237 1908 γάρ,
261 1823 378 1904 quibus
400 1823 508 1888 verbis
532 1824 653 1889 Suidae
676 1825 717 1889 de
738 1824 946 1907 Panyassidis
969 1829 1077 1891 aetate
1098 1826 1189 1890 locus
1212 1828 1382 1907 corruptus
1405 1829 1464 1889 est.

256 1925 395 1991 Pristina
425 1926 531 1990 forma
558 1927 830 2005 testimoniorum,
860 1948 878 1992 e
909 1928 1026 2009 quibus
1057 1929 1146 1993 locus
1177 1929 1376 2010 compositus
1404 1932 1463 2005 est,

174 2028 254 2093 haec
274 2029 342 2094 fere
364 2029 439 2094 fuit:

325 2132 365 2196 A.
400 2134 516 2214 ἐγένετο
540 2132 596 2217 (=
617 2135 714 2198 natus
737 2130 799 2215 est)
822 2134 870 2197 ἐπὶ
891 2135 943 2217 τῆς
965 2138 1013 2206 πς’
1038 2134 1226 2216 ὀλυμπιάδος.

325 2235 362 2300 B.
396 2236 500 2318 γέγονε
524 2235 578 2319 (=
600 2225 729 2320 ἤκμασε)
752 2238 827 2320 μθτόι
848 2239 885 2300 roi
907 2238 1182 2320 Πιλοποννησιακά.

257 2339 287 2402 9.
322 2358 347 2402 S.
377 2358 407 2402 v.
443 2338 616 2403 Charonis:
651 2341 809 2423 γενόμενος
842 2342 919 2404 κατὰ
951 2343 1001 2404 τδν
1023 2340 1139 2423 πρῶτον
1162 2342 1286 2426 Δαρεῖον
1305 2340 1353 2405 oll‘
1376 2343 1463 2425 ὀλυμ-

170 2443 260 2506 πιάδι.

258 2544 340 2609 Cum
362 2544 403 2608 ol.
422 2545 463 2608 79
485 2543 518 2607 in
536 2545 632 2608 Darei
654 2564 790 2626 regnum
812 2545 854 2608 ol.
875 2546 917 2609 78
939 2545 1058 2610 mortui
1080 2565 1147 2610 non
1169 2545 1275 2624 cadat,
1293 2547 1394 2611 verba
1414 2549 1462 2611 αλλ’

171 2643 327 2733 ὀλυμπιάδι
360 2647 481 2711 addere
513 2667 611 2711 nemo
644 2647 751 2729 potuit
780 2647 842 2712 nisi
874 2648 1032 2726 nesciens,
1067 2667 1132 2730 quo
1161 2651 1310 2729 tempore
1339 2647 1464 2714 Dareus

169 2750 362 2832 regnaverit.
407 2750 473 2814 Sed
501 2751 648 2832 quamvis
677 2751 787 2832 inepte
814 2751 927 2816 addita
953 2752 1027 2829 sint,
1057 2755 1170 2816 tamen
1198 2750 1374 2817 Creuzerus
1401 2773 1463 2817 nu-

169 2873 297 2918 merum
325 2852 368 2919 σθ’
399 2853 433 2917 in
460 2851 498 2926 ξδ’
530 2857 658 2918 mutare
683 2872 751 2917 non
779 2854 901 2918 debuit.
951 2855 1060 2932 Quam
1081 2853 1168 2918 enim
1189 2854 1253 2918 hoc
1274 2874 1464 2935 perversum

171 2957 223 3034 sit,
246 2957 326 3021 satis
349 2976 388 3022 ex
410 2957 448 3020 iis
471 2961 608 3039 apparet
631 2975 715 3038 quae
738 2957 956 3037 exposuimus.

260 3060 309 3123 10.
343 3080 368 3124 s.
391 3081 421 3123 v.
449 3060 585 3142 Ephori:
615 3057 651 3145 ἦν
679 3059 704 3125 δ’
736 3062 783 3124 ἐπὶ
809 3085 860 3144 της
887 3058 947 3146 qs
976 3062 1156 3145 ὀλυμπιάδος
1183 3063 1224 3131 ὡς
1251 3063 1301 3124 καὶ
1329 3063 1385 3145 πρὸ
1412 3064 1464 3144 τῆς

172 3163 321 3228 Φιλίππου
345 3165 494 3252 βασιλείας
517 3164 591 3228 εἶναι
612 3167 666 3229 τοῦ
688 3163 873 3236 Μακεδόνος.

258 3265 423 3348 Olympias
441 3267 482 3330 93
502 3267 609 3331 verbis
628 3270 683 3352 πρὸ
703 3269 753 3350 τῆς
774 3267 922 3333 Φιλίππου
943 3269 1092 3356 βασιλείας
1110 3266 1244 3330 indicari
1260 3285 1327 3330 non
1343 3269 1462 3347 potest,

171 3388 246 3433 omn
267 3367 330 3434 hoc
352 3373 481 3450 tempus
503 3369 599 3433 nimis
622 3390 642 3434 a
663 3369 805 3451 Philippi
827 3390 926 3451 regno
951 3370 1058 3446 distet,
1088 3369 1177 3450 quod
1199 3370 1242 3433 ab
1266 3369 1307 3432 ol.
1330 3369 1390 3432 105
1413 3369 1463 3432 in·

170 3472 296 3552 cepisse
324 3472 473 3536 vidimus,
523 3470 572 3536 De
600 3492 666 3554 quo
694 3477 844 3554 tempore
875 3472 1083 3554 cogitandum
1117 3473 1168 3549 sit,
1201 3471 1296 3537 facile
1331 3476 1381 3538 est
1412 3472 1463 3536 in-

169 3574 309 3653 tellectu,
337 3575 534 3656 simulatque
560 3575 736 3658 olympiadi
758 3577 799 3640 93
822 3575 945 3656 Ephori
971 3595 1093 3640 annum
1120 3574 1264 3640 natalem
1287 3576 1464 3657 ascriptum

171 3697 243 3742 esse
265 3678 427 3743 statueris.
473 3677 532 3743 Cui
554 3678 700 3759 opinioni
717 3679 855 3743 verbum
873 3675 908 3763 ἦν
927 3697 995 3742 non
1013 3680 1133 3743 obstat.
1169 3679 1294 3757 Quodsi
1313 3677 1463 3760 Ephorus

171 3779 213 3844 ol.
239 3781 299 3844 103
327 3780 543 3863 quadraginta
572 3801 675 3846 annos
704 3784 801 3846 natus
828 3781 947 3859 floruit,
978 3783 1020 3846 ad
1047 3782 1111 3846 hoc
1132 3786 1263 3863 tempus
1284 3783 1385 3846 verba
1406 3789 1463 3867 πρὸ

170 3886 221 3968 τῆς
241 3885 390 3949 Φιλίππου
410 3886 559 3972 βασιλείας
578 3884 690 3948 referri
709 3885 840 3962 debent,
862 3903 930 3947 non
949 3885 992 3949 ad
1010 3884 1053 3962 id,
1077 3885 1166 3966 quod
1188 3888 1287 3948 antea
1308 3884 1462 3949 hocloco

170 3987 296 4054 dicitur.
331 3986 494 4065 Quoniam
514 3987 601 4051 enim
619 4006 718 4067 supra
737 3986 888 4064 vidimus
910 4005 974 4067 quo
992 3990 1140 4069 tempore
1158 3987 1327 4068 Philippus
1346 4006 1462 4068 regna·

168 4091 260 4170 verit,
279 4091 398 4154 horum
413 4090 559 4156 locorum
576 4091 766 4171 scriptorem
779 4090 932 4166 nescisse,
948 4090 1049 4155 verba
1063 4095 1104 4162 ὡς
1120 4094 1170 4155 καὶ
1183 4137 1190 4152 .
1204 4139 1212 4154 .
1226 4091 1299 4154 εἶναι
1310 4090 1462 4171 ignoran-

169 4194 234 4258 tiae
252 4194 398 4258 eiusdem
413 4193 587 4258 tribuenda
604 4197 688 4258 sunt.
711 4193 783 4256 Duo
796 4192 891 4274 igitur
906 4193 987 4257 haec
1003 4192 1190 4256 testimonia
1200 4192 1291 4257 locus
1303 4193 1461 4257 continet:

325 4297 363 4361 A.
398 4293 433 4380 ἦν
457 4295 510 4379 (=
524 4296 680 4381 ἑγεννήδη)
704 4299 750 4361 ἐπὶ
772 4299 823 4380 τῆς
845 4294 904 4382 Ἥ
929 4298 1119 4381 ὀλυμπιάδος.

325 4399 362 4463 Β.
398 4395 433 4484 ἦν
456 4391 650 4483 (Appos)
678 4402 734 4484 πμδ
763 4401 816 4482 τῆς
847 4400 995 4464 Φιλίππου
1028 4399 1176 4485 βασιλείας
1205 4403 1257 4464 τοῦ
1288 4398 1462 4470 Μακεδόνος

170 4501 237 4566 scil.
262 4505 306 4586 ρκ’
330 4504 494 4587 ὀλυμπιάδι.
