3604 5288
868 285 1079 348 ..56-

322 476 443 521 remus
473 456 512 520 cf.
530 477 562 538 p.
574 457 627 520 61.
657 457 769 538 ltaque
787 477 826 521 ex
842 475 907 538 quo
923 460 1071 537 tempore
1082 455 1284 538 Panyassidis
1296 459 1414 536 poetae
1429 476 1506 521 vera
1516 457 1622 538 patria

324 559 522 640 compertas
544 558 576 637 ’1,
595 559 674 623 illud
691 559 912 624 testimonium
927 559 969 622 ab
986 557 1146 636 ommibus,
1161 558 1194 622 in
1209 558 1325 639 quibus
1337 559 1458 640 aliquid
1470 560 1622 625 scientiae

322 661 392 739 fuit,
421 661 535 725 merito
563 663 747 742 neglectum
775 665 833 726 est.
885 661 947 740 Qui
975 661 1060 725 enirn
1088 661 1326 744 aPanyasside
1354 662 1478 743 epicam
1507 663 1622 744 poesin

322 769 501 830 recreatam
529 764 617 842 dixit,
647 783 721 828 eum
745 764 885 829 Choerili
912 767 1019 829 aetate
1047 764 1248 846 superiorem
1275 768 1307 829 et
1329 764 1514 831 Antimachi
1536 768 1621 830 tem-

322 868 456 950 poribus
485 872 651 933 mortuum
672 867 770 932 fuisse
793 887 860 932 non
883 868 1050 950 ignoravit.
1095 868 1204 949 Atque
1226 867 1270 931 illi
1291 887 1422 949 quoque
1445 870 1508 934 hoc
1530 888 1621 932 corn-

321 975 452 1052 pertum
486 971 582 1035 fuisse
615 971 811 1050 videbimus
850 971 904 1052 qui
935 990 956 1034 a
983 969 1180 1052 Panyasside
1212 973 1311 1053 poeta
1345 971 1437 1053 epico
1471 972 1622 1038 disiunxit

322 1073 499 1156 Panyassin
521 1073 690 1138 minorem.

407 1177 509 1241 Natus
532 1196 596 1258 quo
619 1181 767 1258 tempore
789 1177 830 1241 sit
846 1176 1026 1259 Panyassis‚
1049 1176 1228 1241 accuratius
1250 1176 1312 1241 dici
1334 1197 1402 1241 non
1420 1180 1537 1259 potest,
1561 1178 1622 1242 etsi

322 1299 397 1344 eum
420 1280 462 1343 ol.
486 1281 526 1344 75
549 1281 695 1345 floruisse
718 1281 844 1345 scimus.
879 1279 1042 1344 Idcircone
1066 1279 1153 1343 enim
1175 1278 1208 1343 in
1230 1279 1272 1343 ol.
1292 1280 1332 1343 75
1355 1280 1475 1344 florens
1497 1281 1621 1362 positus

321 1383 371 1460 sit,
395 1384 484 1464 quod
500 1387 570 1447 turn
586 1383 800 1465 quadraginta
815 1402 919 1447 annos
939 1385 1052 1447 natum
1073 1401 1148 1446 eum
1166 1381 1264 1446 fuisse
1284 1386 1457 1461 constaret,
1481 1383 1620 1448 maxime

321 1486 456 1550 dubium
485 1489 542 1550 est.
592 1485 676 1551 Huic
703 1486 789 1550 enim
817 1485 989 1568 olympiadi
1012 1483 1128 1549 ascribi
1149 1483 1202 1548 ille
1223 1484 1338 1566 potuit,
1370 1486 1494 1550 etiarnsi
1516 1505 1620 1551 annus

321 1589 436 1653 natalis
479 1589 546 1652 eius
587 1589 708 1653 nemini
749 1589 893 1670 cognitus
931 1591 1008 1652 erat.
1079 1587 1117 1651 ld
1162 1587 1294 1668 quidem
1342 1587 1523 1670 intelleget,
1566 1590 1621 1670 qui

320 1694 468 1756 nostrum
491 1693 632 1754 aetatem
648 1691 851 1774 Panyassidis
874 1694 980 1756 certae
1004 1690 1177 1772 olympiadi
1198 1691 1374 1756 attribuere
1398 1691 1467 1773 ipse
1486 1695 1620 1756 conatus

322 1795 390 1858 erit.
436 1793 489 1858 Sic
512 1794 598 1858 enirn
620 1796 814 1858 statuemus:
848 1795 994 1858 Mortuus
1017 1797 1066 1857 est
1087 1793 1256 1875 Panyassis
1280 1793 1363 1858 circa
1386 1795 1427 1858 ol.
1452 1796 1503 1860 80.
1553 1795 1621 1860 Nec

321 1899 489 1962 senectute
512 1897 677 1961 confectus
699 1899 841 1961 mortem
863 1897 969 1960 obisse
991 1897 1109 1977 potest,
1134 1915 1207 1960 cum
1229 1900 1266 1961 ut
1290 1895 1436 1961 inimicus
1458 1897 1620 1961 timendus

321 1999 449 2083 tyranni
475 2001 563 2064 iussu
589 2003 767 2064 necaretur.
816 2000 930 2081 Neque
952 2019 1029 2063 vero
1058 1999 1247 2064 adolescens
1276 2002 1347 2063 tum
1375 1999 1473 2064 fuisse
1502 2003 1619 2082 potest,

321 2123 394 2168 cum
424 2103 566 2168 carmina
597 2101 687 2183 epica
714 2121 925 2184 componere,
954 2121 1038 2184 quae
1065 2101 1098 2165 in
1122 2102 1320 2183 optimorum
1349 2122 1486 2167 numero
1509 2102 1621 2166 habita

319 2206 392 2284 sint,
415 2227 482 2272 non
498 2205 718 2271 adolescentis
736 2205 785 2269 sit.
823 2206 968 2270 Mortuus
985 2205 1079 2286 igitur
1096 2208 1144 2268 est
1162 2208 1269 2269 aetate
1285 2206 1476 2287 provectior.
1512 2206 1620 2283 Quare

321 2329 395 2374 curn
416 2313 573 2391 appareat
596 2330 671 2374 eum
692 2309 857 2390 aliquanto
880 2311 957 2372 ante
980 2308 1021 2372 ol.
1046 2308 1086 2372 75
1109 2311 1224 2372 natum
1246 2328 1330 2386 esse,
1364 2328 1432 2373 non
1460 2308 1619 2373 dubitabi-

320 2432 392 2476 mus
430 2412 505 2476 huic
546 2412 720 2494 olympiadi
759 2413 827 2476 eius
861 2412 977 2474 florem
1010 2409 1185 2488 ascribere,
1219 2429 1303 2492 quae
1337 2429 1410 2475 cum
1444 2411 1551 2475 notior
1579 2410 1622 2474 sit

320 2512 449 2594 reliquis
477 2513 561 2577 illius
587 2514 743 2595 temporis
779 2515 945 2592 omnihus,
983 2514 1079 2594 longe
1112 2513 1278 2595 aptissima
1312 2517 1360 2578 est
1393 2533 1458 2594 qua
1490 2513 1621 2577 alicuius

320 2615 463 2696 aequalis
499 2618 589 2679 aetas
618 2615 822 2697 significetur.
874 2618 922 2682 Ac
956 2617 1092 2682 forsitan
1126 2619 1251 2681 veteres
1286 2617 1370 2681 hanc
1404 2615 1621 2698 olympiadem

320 2719 452 2782 easdem
486 2719 529 2782 ob
564 2737 677 2782 causas
709 2719 895 2801 delegerint.
950 2721 1035 2785 Nam
1069 2721 1147 2784 alias
1187 2738 1299 2784 causas
1333 2739 1413 2800 quas
1447 2719 1621 2783 afferamus

322 2821 508 2902 probabiles
529 2841 596 2886 non
619 2822 788 2886 hahemus.

407 2925 520 3007 Neque
545 2945 623 2990 vero
652 2925 945 2991 minus-incertum
973 2929 1031 3003 est,
1062 2945 1127 3006 quo
1154 2928 1302 3006 ternpore
1331 2929 1428 2990 natus
1451 2925 1490 2990 sit
1512 2926 1619 2990 Hero-

322 3028 427 3090 dotus.
472 3027 566 3092 Hunc
596 3029 680 3093 enirn
709 3029 763 3111 qui
787 3030 828 3093 ol.
854 3030 895 3093 74
916 3032 1031 3092 natum
1053 3028 1170 3105 ferunt,
1202 3029 1244 3092 ad
1268 3047 1380 3092 eorum
1402 3029 1561 3093 rationem
1583 3049 1620 3094 se

321 3119 493 3210 applicant,
523 3129 577 3210 qui
605 3131 719 3194 aetatis
746 3132 862 3195 florem
889 3131 922 3193 in
950 3150 1036 3195 anno
1060 3130 1307 3212 quadragesimo
1331 3136 1490 3212 ponentes
1512 3132 1619 3197 Hero-

321 3233 435 3295 dotum
463 3231 615 3296 dicebant
644 3232 804 3310 floruisse,
840 3251 913 3297 cum
939 3233 1051 3297 Thurii
1084 3234 1315 3312 conderentur,
1350 3235 1405 3316 qui
1435 3235 1477 3298 ol.
1506 3235 1557 3299 84.
1589 3237 1618 3300 1.

321 3334 441 3398 conditi
462 3337 546 3398 sunt.
592 3334 658 3399 Sed
681 3336 722 3399 de
744 3353 830 3398 anno
859 3335 959 3399 natali
985 3334 1064 3398 nihil
1093 3336 1195 3418 colligi
1219 3357 1258 3401 ex
1280 3338 1342 3402 hac
1364 3338 1488 3402 ratione
1510 3341 1619 3419 potest

320 3437 353 3500 in
382 3455 420 3501 eo
447 3437 564 3518 posita,
594 3439 683 3519 quod
712 3438 899 3502 Herodotus
927 3438 961 3502 in
990 3437 1142 3502 historiae
1171 3458 1248 3504 suae
1279 3440 1367 3504 initio
1396 3440 1553 3505 Thurium
1581 3461 1618 3506 se

320 3539 508 3618 nominavit,
520 3539 544 3623 ¹)
578 3540 659 3605 sicut
687 3539 881 3624 Thucydidis
915 3561 1018 3606 annus
1051 3542 1316 3624 quadragesimus
1349 3543 1384 3608 in
1414 3545 1490 3608 belli
1519 3544 1617 3609 Pelo-

320 3642 505 3722 ponnesiaci
539 3641 628 3706 initio
661 3646 834 3724 propterea
863 3644 987 3725 positus
1016 3647 1073 3723 est,
1108 3647 1196 3727 quod
1225 3645 1320 3710 huius
1346 3646 1423 3710 belli
1449 3646 1617 3711 historiam

321 3744 522 3808 conscribere
551 3748 621 3810 tum
651 3766 685 3810 se
720 3747 863 3829 coepisse
892 3748 961 3829 ipse
992 3748 1075 3812 dicit.
1086 3745 1113 3833 ²)
1170 3749 1278 3830 Atque
1307 3752 1344 3813 ut
1369 3753 1503 3830 propter
1531 3751 1616 3815 hanc

318 3848 479 3912 rationem
501 3851 643 3912 erratum
660 3849 785 3914 videtur
803 3870 872 3914 esse
891 3852 931 3915 de
948 3853 1096 3932 ternpore
1112 3851 1212 3915 natali
1228 3849 1425 3930 Thucididis‚
1448 3853 1493 3916 ita
1509 3853 1614 3918 Hero-

319 3950 397 4027 doti,
432 3951 486 4032 qui
519 3951 545 4014 si
576 3953 674 4033 paulo
698 3956 773 4017 ante
803 3953 844 4017 ol.
868 3954 919 4018 81.
950 3954 979 4018 3.
1019 3953 1196 4036 Lygdamin
1227 3954 1357 4035 expulit,
1390 3959 1467 4020 ante
1498 3956 1538 4022 ol.
1571 3958 1615 4021 74

408 4139 427 4201 ¹)
456 4140 555 4194 Eadem
574 4141 679 4195 ratione
697 4141 841 4195 rudissirna
859 4142 1001 4210 opiniones
1019 4143 1077 4195 eius
1095 4142 1199 4210 generis
1218 4147 1292 4197 ortae
1311 4149 1386 4208 sunt,
1411 4145 1487 4199 cuius
1507 4146 1614 4213 generis

319 4230 360 4279 est
374 4225 452 4280 Plinii
471 4225 536 4293 (nat.
550 4226 612 4280 hist.
625 4227 683 4280 XII.
697 4229 732 4292 8),
751 4228 798 4296 qui
815 4228 945 4282 Herodoti
962 4227 1104 4281 historiam
1122 4227 1217 4281 eodem
1236 4245 1316 4294 anno,
1336 4247 1391 4298 quo
1401 4231 1495 4285 Thurii
1511 4232 1614 4286 conditi

318 4316 390 4375 sunt,
409 4311 515 4364 Thuriis
533 4313 671 4368 conditam
688 4319 788 4366 narrat.

405 4395 426 4461 Ἃ)
453 4396 538 4450 Thuc.
556 4398 576 4453 Ι.
597 4399 620 4451 1.
656 4396 795 4468 ἀρξάμενος
818 4397 893 4459 εὐθὺς
915 4399 1111 4467 καθισταμένουι
1140 4429 1174 4438 -
1201 4400 1320 4454 Similem
1349 4419 1461 4458 causam
1490 4403 1611 4472 ineptam

319 4481 402 4536 luisse
420 4487 534 4550 oportet,
554 4499 609 4551 qua
626 4500 720 4538 eorum
738 4500 812 4538 error
830 4490 905 4539 ortus
923 4490 971 4551 est,
990 4485 1036 4554 qui
1049 4485 1180 4539 Hellanici
1197 4486 1291 4540 florem
1308 4487 1337 4541 in
1356 4488 1389 4542 ol.
1405 4489 1437 4543 81
1454 4495 1611 4558 posueruut„
