3604 5288
868 301 1080 366 „34-

326 478 374 540 ἐπὶ
395 478 454 540 τῶν
477 477 629 558 Περσικῶν
652 477 694 540 ad
713 475 813 540 alium
831 474 948 538 aetatis
965 475 1103 555 gradum
1119 477 1268 554 spectare
1284 476 1383 553 atque
1399 474 1500 537 verba
1517 474 1619 556 γέγονε

326 581 400 643 κατὰ
422 583 474 663 τὴν
497 584 545 664 οη’
569 579 745 660 ὀλυμπιάδα.

411 681 464 744 Ad
487 701 569 762 quos
592 686 703 746 autem
726 681 843 745 aetatis
862 680 982 761 gradus
1005 682 1176 761 spectant?
1210 679 1374 744 ESuidae
1393 679 1526 760 quidem
1547 699 1619 755 usu,

327 784 383 866 qui
405 785 446 848 de
468 785 576 849 verbis
598 787 702 868 γέγονε
725 787 757 848 θῖ
779 780 814 866 ἦν
838 786 897 860 est,
927 781 1007 846 nihil
1030 782 1109 845 certi
1130 785 1240 863 potest
1263 782 1376 863 colligi.
1420 781 1511 846 Haec
1533 782 1621 845 enim

230 963 231 966 Ἴ
326 888 429 952 verba
450 907 510 968 per
532 907 567 952 se
589 887 669 951 nihil
692 887 831 968 amplius
855 885 896 949 de
922 888 1031 949 aetate
1054 883 1236 965 significant
1257 885 1319 948 nisi
1341 884 1456 949 haberi
1478 885 1620 966 aliquem

326 993 476 1071 tempore
488 990 635 1071 quodam
643 990 694 1054 vel
707 992 821 1053 natum
831 989 884 1052 vel
900 991 1009 1052 aetate
1025 987 1198 1052 florentem
1217 987 1268 1052 vel
1287 987 1420 1052 omnino
1438 987 1619 1069 aequalem.

328 1092 551 1169 Quamobrem
574 1111 648 1156 curn
671 1112 710 1156 ex
732 1092 783 1155 his
805 1092 914 1156 verbis
937 1091 1015 1172 ipsis
1038 1090 1081 1154 ad
1105 1110 1203 1171 quern
1226 1091 1343 1154 aetatis
1369 1090 1508 1172 gradum
1534 1090 1586 1154 rei
1604 1125 1620 1138 ·

327 1193 430 1257 renda
459 1194 524 1257 sint
555 1195 687 1258 omnino
717 1214 784 1258 non
811 1198 980 1276 appareat,
1008 1194 1098 1258 locus
1125 1194 1158 1257 in
1181 1193 1281 1257 dubio
1304 1193 1536 1274 relinquendus
1560 1195 1620 1269 est,

327 1295 388 1359 nisi
411 1295 474 1360 alia
495 1297 684 1361 testimonia
707 1298 836 1374 docent,
858 1297 901 1362 ad
924 1317 1022 1378 quem
1045 1296 1162 1361 aetatis
1184 1296 1322 1377 gradum
1345 1317 1385 1361 ea
1406 1297 1508 1362 verba
1526 1316 1620 1377 spec-

326 1401 407 1476 tent,
420 1417 505 1479 quae
520 1400 628 1464 verbis
644 1401 748 1484 γέγονε
763 1401 816 1464 vel
830 1397 865 1484 ἦν
884 1401 997 1464 addita
1015 1405 1146 1481 tempus
1164 1395 1356 1481 significant.
1388 1399 1620 1478 Quaerendum

328 1505 377 1565 est
392 1501 498 1582 igitur,
519 1522 617 1584 quem
640 1504 757 1568 aetatis
780 1504 918 1584 gradum
935 1503 1102 1584 postulent
1120 1523 1187 1567 non
1200 1505 1302 1566 verba
1317 1503 1421 1586 γέγονε
1444 1506 1476 1567 θῖ
1494 1499 1539 1587 ἦν,
1562 1503 1622 1566 sed

326 1599 478 1684 tempora
500 1605 533 1667 in
556 1605 674 1686 quibus
696 1606 870 1688 Panyassis
891 1607 955 1670 hoc
976 1606 1049 1670 loco
1071 1607 1197 1688 positus
1221 1606 1346 1671 dicitur.

412 1706 484 1770 Hoc
515 1711 626 1772 autem
653 1729 693 1773 ex
719 1709 757 1772 iis
784 1709 993 1791 perspicuum
1020 1712 1079 1789 est,
1107 1729 1191 1790 quae
1219 1709 1260 1773 de
1281 1709 1489 1791 Panyassidis
1512 1711 1621 1774 aetate

327 1809 393 1873 iam
419 1829 519 1891 supra
542 1810 846 1876 demonstravimus.
890 1812 986 1876 Hunc
1009 1812 1095 1876 enim
1117 1812 1304 1876 Antimachi
1327 1811 1498 1894 aequalem
1520 1811 1621 1874 luisse

327 1915 408 1975 natu
430 1912 589 1976 maiorem
612 1913 705 1978 alteri
728 1915 888 1993 dixerunt,
912 1914 1004 1979 alteri
1027 1935 1047 1979 a
1065 1914 1262 1996 Lygdamide
1284 1919 1436 1980 necatum
1458 1935 1539 1990 esse,
1566 1915 1621 1995 qui

327 2018 403 2079 ante
426 2015 467 2079 ol.
487 2017 539 2080 81.
563 2017 582 2080 3
607 2017 759 2097 expulsus
782 2018 885 2081 multo
909 2021 985 2082 ante
1009 2018 1072 2081 hoc
1087 2021 1217 2099 tempus
1234 2018 1440 2082 dominatum
1456 2018 1620 2098 accepisse

327 2137 393 2181 non
415 2122 534 2199 potest.
578 2118 728 2188 ldemut
749 2121 857 2184 verbis
879 2121 1014 2185 mutatis
1036 2120 1223 2197 reddamus
1247 2121 1426 2204 Panyassin
1448 2121 1618 2184 florentem

327 2219 420 2284 alteri
430 2220 521 2284 initio
534 2222 752 2286 attribuerunt
762 2222 839 2287 belli
847 2223 1123 2304 Peloponnesiaci,
1133 2223 1226 2288 alteri
1237 2224 1270 2288 in
1282 2227 1431 2306 tempore
1439 2227 1620 2305 posuerunt
1632 2221 1637 2240 ²

326 2323 538 2386 belliPersici.
563 2324 655 2401 Quae
665 2325 834 2406 opiniones
847 2325 873 2388 si
883 2325 1106 2406 olympiadum
1117 2327 1261 2390 numeris
1271 2327 1425 2393 adhibitis
1434 2328 1621 2394 reddendae

327 2424 422 2488 nobis
444 2430 519 2488 sunt
541 2427 621 2488 nihil
643 2427 783 2507 amplius
807 2426 847 2490 de
869 2426 1077 2508 Panyassidis
1100 2433 1207 2494 aetate
1234 2431 1390 2496 traditum
1412 2432 1620 2509 habentibus,

327 2526 500 2592 florentem
530 2528 616 2591 huno
650 2528 811 2592 ascribere
844 2527 1019 2611 olympiadi
1042 2531 1083 2595 87
1119 2537 1217 2613 atque
1251 2535 1390 2598 eundem
1414 2535 1456 2598 ol.
1480 2535 1520 2599 75
1553 2555 1621 2599 non

328 2628 559 2693 dubitabimus.
604 2630 640 2693 In
670 2631 754 2694 hano
785 2630 871 2694 enim
898 2631 1022 2696 bellum
1043 2633 1218 2712 Persicum,
1249 2636 1282 2699 in
1311 2637 1400 2702 illam
1426 2638 1503 2702 belli
1524 2638 1620 2702 Pelo·

328 2733 517 2812 ponnesiaci
547 2732 674 2796 initium
703 2733 826 2797 cecidit.
879 2734 946 2798 Sed
976 2737 1133 2817 quoniam
1154 2739 1385 2804 Antimachum
1414 2745 1490 2805 ante
1514 2742 1555 2805 ol.
1579 2743 1620 2805 88

326 2833 533 2916 Panyassidis
552 2835 734 2900 auditorem
757 2855 829 2900 esse
851 2857 918 2901 non
940 2839 1087 2919 potuisse
1104 2840 1255 2918 vidimus,
1279 2842 1471 2924 olympiadis
1491 2845 1532 2908 87
1548 2843 1620 2908 loco

328 2937 369 3001 88
390 2957 513 3018 ponere
535 2939 706 3003 malumus.
747 2939 861 3019 Neque
885 2942 972 3005 enim
989 2942 1053 3006 hoc
1075 2943 1253 3008 violentum
1272 2951 1331 3023 est,
1355 2956 1428 3010 oum
1443 2946 1621 3029 Panyassin

327 3040 361 3104 in
376 3040 453 3103 belli
468 3041 737 3122 Peloponnesiaci
753 3041 842 3104 initio
863 3043 905 3106 ob
924 3043 957 3106 id
974 3045 1080 3125 ipsum
1101 3047 1280 3127 posuimus
1304 3050 1392 3129 quod
1408 3050 1621 3114 Antimachus

328 3143 397 3206 eius
420 3143 548 3207 auditor
574 3143 675 3206 fuisse
697 3143 820 3208 dicitur.
865 3144 978 3225 ltaque
1001 3147 1028 3210 si
1051 3167 1090 3210 ex
1112 3148 1173 3211 illis
1195 3151 1338 3214 numeris
1360 3155 1490 3233 tempus
1512 3152 1621 3216 natale

327 3246 535 3328 Panyassidis
558 3246 800 3326 computatione
827 3245 1006 3328 colligimus
1032 3252 1149 3315 aetatis
1175 3251 1290 3316 florem
1312 3254 1504 3335 Apollodori
1530 3273 1621 3318 more

328 3349 361 3412 in
391 3349 640 3430 quadragesimo
670 3349 756 3412 vitae
786 3369 872 3414 anno
895 3348 1065 3432 ponentes
1095 3354 1274 3437 Panyassin
1295 3361 1410 3421 natum
1432 3377 1503 3421 esse
1525 3361 1620 3438 puta·

326 3455 442 3514 verunt
465 3451 558 3515 alteri
580 3452 621 3516 ol.
647 3453 698 3531 78,
723 3453 817 3517 alteri
839 3453 880 3517 ol.
905 3454 956 3517 65.

415 3554 502 3631 Quid
519 3555 580 3618 sibi
595 3555 695 3618 velint
709 3559 868 3637 tempora,
885 3557 1003 3638 quibus
1014 3558 1189 3641 Panyassis
1207 3562 1295 3641 apud
1311 3563 1446 3626 Suidam
1462 3563 1621 3644 ascriptus

329 3656 454 3733 dicitur,
483 3676 570 3720 nunc
598 3656 733 3721 dubium
754 3663 902 3723 nonest.
946 3661 1000 3725 Ad
1023 3661 1169 3726 diversos
1193 3664 1279 3726 enim
1302 3665 1418 3729 aetatis
1442 3666 1561 3746 gradus
1584 3685 1622 3730 ea

328 3757 499 3822 referenda
522 3778 593 3822 esse
615 3760 680 3823 iam
703 3760 851 3825 vidimus.
896 3762 1005 3844 Atque
1030 3764 1251 3846 olympiadum
1273 3768 1318 3830 illi
1339 3770 1475 3847 numeri,
1498 3789 1581 3850 quos
1604 3789 1621 3832 e

328 3860 521 3924 testimoniis
555 3861 644 3924 haud
673 3863 833 3944 ambiguis
863 3865 1015 3930 collectos
1050 3869 1237 3947 statuimuS‚
1277 3889 1344 3933 non
1378 3871 1484 3935 solum
1516 3871 1622 3936 verbis

328 3965 432 4047 πολλῷ
448 3964 644 4050 πρεσβύτερος
663 3965 871 4046 respondent,
890 3968 948 4032 sed
965 3969 1064 4033 etiam
1081 3971 1293 4052 temporibus,
1314 3992 1397 4053 quae
1414 3973 1534 4038 Suidae
1551 3974 1622 4038 loco

330 4069 634 4129 commemorantur.
678 4066 773 4131 Unde
796 4087 868 4132 cum
892 4075 1049 4152 appareat
1075 4075 1176 4137 verba
1199 4061 1233 4157 ἧν
1257 4076 1383 4140 ἐπὶτῶν
1406 4078 1558 4162 Περσικῶν
1581 4077 1623 4140 ad

329 4167 446 4230 aetatis
468 4169 592 4246 florem,
615 4170 716 4234 verba
738 4171 841 4252 γέγονε
864 4177 940 4238 κατὰ
962 4178 1014 4258 τὴν
1037 4182 1086 4260 οη’
1110 4178 1276 4259 ὀλυμπιάδα
1299 4178 1341 4241 ad
1363 4183 1492 4260 tempus
1514 4181 1622 4244 natale

329 4271 486 4350 spectare,
517 4269 563 4334 ita
591 4271 698 4334 locum
734 4271 919 4354 intellegere
955 4275 1125 4340 debemus:
1164 4277 1267 4343 Natus
1299 4284 1348 4344 est
1377 4283 1419 4346 ol.
1451 4284 1501 4348 78.
1558 4283 1622 4348 Sed

329 4371 460 4536 iqemnt
491 4372 545 4453 qui
580 4393 654 4436 eum
686 4373 789 4437 multo
824 4378 1026 4458 superiorem
1061 4380 1212 4444 dicerent.
1268 4381 1352 4446 Nam
1381 4387 1488 4448 aetate
1515 4385 1623 4449 floruit

332 4492 373 4536 ο.
406 4474 456 4537 75.
