3604 5288
821 305 1034 369 ,76-

281 480 447 547 Eiusmodi
470 481 511 545 de
534 483 641 545 aetate
663 480 752 544 locos
771 481 939 559 corruptos
955 477 1043 558 apud
1060 476 1194 541 Suidam
1210 476 1330 540 multos
1349 496 1419 541 esse
1438 477 1576 541 demon-

281 584 460 650 stravimus.
468 583 492 667 ¹)

370 687 433 765 Qui
467 688 556 751 locus
592 687 633 750 de
667 683 870 766 Panyassidis
904 685 1011 746 aetate
1047 682 1135 763 apud
1164 682 1297 747 Suidam
1328 703 1352 746 s.
1376 703 1405 746 v.
1434 683 1575 768 Χοίριλος

282 791 415 872 legitur,
448 789 493 854 ita
526 788 717 853 dividendus
746 789 812 878 est,
846 788 883 849 ut
914 784 1002 866 prior
1034 803 1109 866 pars
1143 785 1291 849 Choerilo
1326 785 1436 850 Samio
1470 787 1574 865 detur,

282 892 443 975 posterior
466 892 616 957 Choerilo
640 890 778 968 comico,
807 907 905 969 quern
931 888 1019 968 apud
1042 887 1177 952 Suidam
1200 907 1272 952 cum
1296 888 1405 953 Samio
1429 891 1461 953 et
1482 889 1575 954 Iaseo
1661 953 1663 956 .

155 1074 157 1077 Ι
285 995 454 1060 confusum
476 1015 546 1059 esse
568 992 852 1057 Pseudoeudooiae
879 991 979 1055 verba
1007 991 1168 1072 quaedam
1191 990 1308 1066 docent
1330 992 1418 1072 apud
1441 992 1574 1056 Suidam

283 1117 371 1163 nuno
394 1095 555 1181 omissa.²)

371 1199 605 1264 Testimonium
626 1199 754 1266 Eusebii
773 1198 863 1262 Arm.
886 1200 918 1262 et
939 1196 1136 1279 Hieronymi,
1159 1195 1213 1278 qui
1229 1196 1406 1278 Panyassin
1423 1197 1464 1261 ol.
1484 1199 1534 1276 li,
1555 1199 1577 1262 4

288 1302 468 1380 ascribunt,
495 1301 612 1366 nullius
638 1301 794 1365 momenti
817 1303 948 1365 estnec
969 1299 1200 1381 accipiendum.
1245 1299 1339 1363 Falso
1363 1300 1448 1363 enim
1470 1300 1576 1383 Pany-

286 1405 372 1468 assin
394 1405 469 1469 huio
485 1404 624 1485 tempori
634 1404 864 1493 ascripserunt,
888 1403 943 1485 qui
960 1403 1001 1466 ol.
1019 1404 1059 1468 75
1075 1402 1189 1466 ascribi
1206 1401 1329 1480 debuit,
1350 1403 1434 1466 utin
1451 1402 1578 1466 illorum

286 1508 405 1572 tabulis
428 1509 470 1572 de
491 1507 555 1572 hac
576 1507 758 1590 olympiade
781 1510 813 1571 et
834 1506 988 1587 proximis
1010 1505 1186 1570 maximam
1208 1525 1278 1569 esse
1299 1505 1575 1586 perturbationem

287 1608 526 1694 ostendimus.³)

374 1713 466 1790 Quae
488 1713 673 1778 testimonia
694 1713 737 1777 ad
758 1712 962 1795 Panyassidis
984 1711 1063 1794 epici
1086 1714 1228 1776 aetatem
1254 1711 1430 1791 pertinent,
1462 1730 1575 1775 eorum

287 1835 406 1897 genera
436 1819 511 1879 sunt
541 1817 606 1880 duo
636 1817 732 1893 haec,
760 1821 796 1880 ut
817 1815 987 1898 Panyassis
1016 1815 1135 1879 florens
1164 1817 1221 1878 aut
1250 1814 1291 1877 ol.
1315 1815 1356 1878 88
1387 1817 1443 1878 aut
1473 1815 1514 1878 ol.
1539 1815 1579 1878 75

288 1917 443 1998 ascriptus
459 1918 628 1983 habeatur.
651 1918 798 1983 Tertium
816 1938 917 2000 genus
934 1937 1002 1982 non
1021 1917 1188 1982 invenitur.
1213 1917 1252 1981 cf.
1265 1937 1297 1998 p.
1310 1917 1361 1981 38.
1373 1918 1426 1980 41.
1438 1917 1577 1982 46-47.

375 2020 500 2085 Genera
521 2022 697 2104 Panyassin
717 2022 818 2086 nobili
841 2025 948 2086 ortum
969 2023 1085 2103 putare
1107 2021 1278 2097 debemus,
1309 2021 1397 2102 quod
1419 2021 1578 2084 Herodoti

289 2127 444 2205 cognatus
466 2124 535 2202 fuit,
558 2125 613 2206 q'ui
633 2125 897 2190 Halicarnasseus
920 2145 937 2189 e
959 2124 1116 2189 nobilium
1134 2143 1270 2188 numero
1286 2123 1383 2188 luisse
1399 2123 1576 2207 traditura)

287 2227 335 2290 De
359 2246 398 2290 eo
421 2227 508 2291 enim
529 2247 613 2308 quae
634 2233 781 2293 veterum
799 2228 984 2293 testimonia
1001 2228 1044 2291 ad
1059 2227 1320 2292 Halicarnassum
1336 2229 1493 2307 spectant,
1516 2227 1581 2291 fide

289 2329 386 2410 digna
407 2331 554 2410 putanda
575 2334 665 2408 sunt,
697 2351 770 2396 oum
800 2351 840 2395 ex
862 2331 979 2395 eodem
1006 2330 1097 2394 fonte
1118 2329 1363 2394 Halicarnasseo
1386 2332 1443 2393 aut
1465 2330 1581 2394 hausta

289 2434 346 2494 aut
367 2431 464 2495 ducta
485 2432 558 2510 sint,
582 2451 600 2497 e
622 2453 687 2514 quo
710 2435 751 2498 de
767 2431 970 2515 Panyassidis
991 2432 1057 2496 vita
1075 2451 1158 2513 quae
1176 2432 1241 2496 fide
1260 2432 1356 2513 digna
1374 2437 1448 2497 sunt
1471 2433 1579 2498 omnia

290 2534 543 2618 manaverunt.⁵)
566 2534 638 2612 Qua
654 2536 695 2600 de
712 2554 809 2600 causa
827 2554 925 2616 quam
942 2535 997 2598 diu
1013 2535 1217 2616 Panyassidis
1234 2535 1322 2616 origo
1334 2535 1579 2601 Halicamassea

290 2635 452 2717 incognita
474 2637 544 2715 fuit,
566 2640 635 2702 tam
657 2638 712 2702 diu
733 2638 901 2703 Herodoti.
947 2637 1005 2702 Cui
1026 2638 1060 2701 in
1081 2638 1153 2701 libri
1175 2638 1223 2702 sui
1245 2638 1344 2715 initio,
1367 2641 1403 2702 ut
1425 2638 1457 2703 in
1480 2638 1579 2720 scrip-

290 2741 397 2802 torum
412 2741 759 2823 grammaticorumque
775 2761 925 2806 sermone
942 2740 997 2804 diu
1010 2760 1077 2805 non
1089 2740 1361 2818 Halioamasseus‚
1373 2741 1431 2805 sed
1442 2741 1581 2806 Thorius

292 2841 531 2922 appellabatur,
564 2843 620 2907 diu
647 2843 769 2908 Thurio
803 2863 983 2925 cognomen
1013 2843 1088 2921 fuit,
1123 2844 1211 2922 cuius
1240 2844 1313 2908 loco
1346 2844 1580 2908 Halicarnassei

292 2963 472 3025 cognomen
490 2965 561 3010 sero
580 2947 711 3010 demum
728 2946 823 3011 scribi
840 2950 990 3029 coeptum
1007 2944 1094 3029 est.⁶)
1129 2947 1211 3011 Cum
1229 2946 1315 3010 enim
1330 2947 1456 3011 libellus
1472 2947 1524 3012 ille
1541 2948 1581 3012 de

290 3046 449 3110 Herodoti
471 3049 670 3128 malignitate
693 3049 890 3131 conscriptus
906 3053 963 3127 est,
985 3049 1154 3114 Herodoto
1173 3049 1207 3113 id
1222 3067 1403 3131 cognomen
1419 3050 1497 3115 dare
1512 3054 1580 3114 tam

291 3148 478 3212 inusitatum
507 3150 583 3227 luit,
613 3154 649 3213 ut
677 3151 731 3215 illo
758 3155 906 3233 tempore
935 3153 968 3215 in
998 3151 1070 3216 libri
1099 3152 1276 3216 Herodotei
1308 3151 1432 3217 initium
1461 3153 1496 3218 id
1525 3157 1582 3216 aut

291 3253 438 3315 recenter
472 3255 528 3316 aut
562 3253 693 3317 omnino
729 3254 876 3318 nondum
910 3257 1076 3335 receptum
1114 3274 1184 3318 esse
1220 3258 1378 3337 oporteat.
1389 3254 1416 3338 ⁷)
1467 3257 1580 3338 ltaque

291 3353 450 3418 Herodoti
470 3355 553 3419 liber
573 3375 641 3421 non
663 3357 770 3421 obstat
792 3357 965 3439 quominus
982 3357 1101 3422 Suidae
1120 3358 1220 3421 verba
1243 3361 1395 3439 corrupta
1416 3361 1526 3442 ὁμοίως
1549 3361 1582 3424 δὲ

292 3459 342 3520 καὶ
365 3451 533 3540 Ἡρόδοτον
562 3461 700 3545 Θούριον,
734 3460 815 3524 sicut
848 3459 1077 3541 cognominum
1105 3460 1273 3524 Herodoto
1304 3459 1478 3526 inditorum
1506 3481 1583 3526 usus

293 3559 444 3640 postulat,
467 3562 500 3624 in
517 3564 627 3647 ὁμοίως
646 3567 680 3628 δὲ
698 3567 748 3628 καὶ
764 3559 933 3649 Ἡρόδοτον
949 3566 999 3628 τὸν
1016 3563 1140 3648 Θούριον
1157 3561 1361 3648 mutemUS.⁸)
1397 3563 1520 3641 Quibus
1536 3564 1581 3628 sic

293 3662 473 3726 emendatis
487 3665 691 3730 Herodotum
703 3666 849 3731 Samium
867 3685 887 3729 a
904 3666 1024 3730 Duride
1042 3665 1242 3746 appellatum
1259 3685 1328 3729 esse
1346 3669 1491 3748 apparet,
1507 3667 1583 3748 quia

292 3763 421 3828 Duridis
447 3768 660 3848 temporibus,
690 3789 774 3850 quae
802 3769 960 3833 Herodoti
987 3789 1063 3833 vera
1090 3769 1196 3850 patria
1223 3772 1323 3844 esset,
1349 3770 1496 3832 nondum
1524 3769 1539 3833 i
1561 3769 1584 3832 't

294 3868 537 3952 compertum.⁹)

381 3970 444 4047 Qui
459 3969 633 4054 Panyassis
645 3973 804 4037 Herodoti
827 3979 983 4055 cognatus
1005 3975 1074 4051 fnit,
1098 3993 1165 4038 non
1187 3975 1275 4038 idem
1291 3976 1341 4037 est
1356 3993 1395 4038 ac
1410 3974 1584 4056 Panyassis

293 4076 525 4156 τερατοσκόπος,
538 4073 579 4159 ¹⁰)
616 4095 680 4156 quo
707 4076 807 4139 verbo
836 4077 915 4141 nihil
945 4077 1033 4141 aliud
1062 4077 1257 4158 significetur
1291 4076 1353 4141 nisi
1384 4077 1584 4142 somniorum

294 4173 511 4260 interpreslll
534 4179 752 4260 Philosophus
769 4180 857 4261 apud
869 4179 1005 4244 Suidam
1015 4179 1190 4261 Panyassis
1202 4179 1254 4243 ille
1269 4180 1468 4245 somniorum
1485 4181 1584 4245 inter-

385 4331 406 4400 1)
433 4349 458 4400 p.
477 4333 588 4387 35-38.
606 4361 640 4372 -
659 4332 681 4400 2)
698 4350 724 4401 p.
743 4333 852 4387 38—41.
873 4359 906 4371 -
924 4331 949 4400 3)
967 4349 993 4401 p.
1011 4333 1122 4388 41-47.
1140 4361 1173 4372 —
1192 4333 1215 4402 4)
1233 4350 1258 4401 p.
1278 4333 1319 4387 48.
1336 4361 1372 4372 —
1385 4333 1412 4402 ⁵)
1430 4351 1456 4402 p.
1474 4334 1585 4390 48-53.

296 4417 318 4485 θ)
336 4435 362 4486 p.
383 4419 492 4472 14-17.
511 4448 544 4458 -
563 4422 584 4484 ⁷)
603 4435 628 4487 p.
650 4420 688 4473 16.
708 4448 741 4458 -
758 4417 782 4485 8)
800 4435 826 4486 p.
848 4420 886 4474 18.
910 4447 943 4457 —·
960 4418 984 4487 9)
1001 4435 1028 4486 p.
1048 4419 1156 4473 18-uo.
1181 4447 1214 4458 -
1233 4418 1268 4487 ¹⁰)
1285 4435 1311 4486 p.
1330 4419 1371 4472 62.
1390 4447 1424 4458 —-
1443 4418 1479 4488 11)
1497 4437 1524 4488 p.
1543 4420 1577 4476 59

295 4505 373 4558 lianc
390 4521 448 4558 rem
465 4505 521 4558 iam
538 4504 728 4560 Tzsohimerus
747 4505 942 4559 demonstravit
960 4521 985 4573 p.
1004 4505 1028 4558 8.
1048 4507 1072 4562 9.
