3604 5288
632 309 910 385 '-63-

155 491 344 577 ponnesiaci
372 499 523 576 tempora
553 493 661 575 posuit
689 494 811 575 pariter
840 515 878 558 ec
899 495 1008 571 Duris,
1038 495 1159 576 quippe
1190 495 1244 576 qui
1271 495 1449 577 Panyassin

157 598 358 662 somniorum
380 597 590 679 interpretem
613 596 719 661 eidem
741 597 841 661 aetati
863 597 1055 662 attribuerit.

243 699 368 777 Quibus
390 701 489 765 rebus
511 699 666 780 expositis
689 703 839 780 apertum
861 702 911 764 est
933 701 1153 782 compluribus
1176 701 1217 765 de
1245 701 1351 765 causis
1373 721 1448 782 per·

155 804 287 868 turbata
316 823 388 868 esse
418 822 502 884 quae
524 801 731 884 Panyassidis
760 802 848 883 apud
878 802 1014 867 Suidam
1041 804 1108 868 vita
1135 803 1350 868 continentur.
1402 803 1449 868 Ea

157 906 244 970 enim
272 925 340 970 non
369 906 468 970 modo
490 907 664 986 propterea
686 905 770 968 inter
791 925 826 969 se
850 910 1049 987 repugnant,
1080 907 1167 987 quod
1191 926 1209 970 e
1238 906 1448 988 scriptoribus

156 1008 284 1073 duobus
306 1012 437 1090 sumpta
459 1011 549 1085 sunt,
580 1026 720 1088 quorum
741 1008 823 1073 alter
851 1009 933 1073 duos
955 1009 1162 1090 Panyassidts
1190 1008 1338 1087 tradidit,
1367 1009 1454 1074 alter

157 1111 285 1193 epicum
306 1131 380 1175 cum
403 1111 604 1176 somniorum
631 1111 807 1193 interprete
829 1111 1015 1189 confusum,
1045 1100 1103 1176 sed
1127 1111 1226 1176 etiam
1249 1112 1388 1190 accedit,
1412 1117 1447 1176 ut

157 1214 210 1279 hic
243 1213 380 1295 scriptor
412 1213 453 1279 de
485 1213 684 1295 Panyasside
719 1218 751 1277 et
782 1213 912 1278 Duridis
946 1215 1141 1279 sententiam
1175 1219 1207 1280 et
1241 1216 1447 1292 contrariam,

155 1316 249 1398 quasi
279 1316 374 1397 aequi
401 1316 478 1380 iuris
508 1320 632 1392 essent,
654 1316 739 1380 inter
765 1336 800 1381 se
825 1317 1023 1399 opposuerit.
1068 1317 1152 1382 Hiuc
1181 1318 1303 1383 factum
1334 1324 1383 1383 est
1412 1322 1449 1382 ut

154 1419 327 1501 Panyassis
357 1419 467 1500 epicus
497 1421 594 1499 atque
624 1417 712 1482 idem
734 1421 936 1484 somniorum
964 1420 1100 1501 scriptor
1122 1421 1324 1498 nominetur,
1355 1425 1391 1486 ut
1420 1421 1449 1485 ei

155 1522 298 1586 carmina
316 1521 407 1602 epica
423 1525 521 1603 atque
538 1521 644 1586 eidem
661 1522 864 1586 somniorum
881 1522 964 1588 liber
979 1523 1150 1607 (vocabulo
1163 1524 1225 1608 καί)
1242 1524 1447 1600 attribuatur,

155 1633 191 1688 ut
214 1644 254 1688 ex
276 1624 379 1689 altera
402 1624 554 1705 opinione
577 1625 618 1688 ol.
636 1625 677 1689 78
703 1628 800 1690 natus
823 1627 958 1703 dicatur,
982 1647 1022 1690 ex
1044 1627 1147 1692 altera
1168 1627 1271 1691 multo
1287 1627 1448 1708 posterior

155 1732 186 1792 et
215 1748 234 1792 a
261 1724 459 1810 Lygdamide
488 1732 639 1805 necatus,
669 1731 706 1792 nt
732 1728 1014 1806 Halicarnasseus
1045 1730 1215 1813 Polyarchi
1242 1729 1327 1795 filius
1350 1734 1448 1812 atque

154 1831 242 1894 idem
263 1831 383 1895 Duride
406 1833 489 1895 teste
511 1831 630 1895 Dioclis
652 1829 747 1908 filius
771 1831 900 1896 Samius
923 1833 1116 1897 nominetur.

582 2070 631 2151 tle
660 2070 879 2172 Panyassidc
907 2075 1026 2173 pocta.

240 2209 492 2274 Transeundum
519 2228 605 2273 nunc
633 2212 682 2273 est
705 2209 748 2274 ad
769 2210 949 2290 Panyassin
970 2214 1114 2291 poetam,
1137 2211 1179 2274 de
1202 2230 1267 2291 quo
1290 2211 1351 2275 etsi
1373 2211 1446 2292 plu-

154 2312 236 2376 rima
266 2313 331 2376 iam
359 2311 487 2394 pridem
517 2316 681 2389 constant,
710 2316 822 2376 tamen
852 2316 943 2390 sunt,
974 2331 1058 2393 quae
1083 2313 1118 2377 in
1141 2313 1367 2400 quaestionem
1391 2318 1447 2379 aut

154 2415 262 2481 denuo
292 2415 441 2480 vocanda
472 2415 536 2479 sint
565 2419 622 2480 aut
652 2416 785 2480 omnino
815 2436 883 2480 non
911 2435 972 2480 voc
993 2420 1037 2480 ta.
1094 2416 1207 2498 Itaque
1238 2436 1311 2480 cum
1341 2435 1447 2498 neque

153 2518 265 2582 inutile
285 2523 317 2584 et
335 2522 555 2600 opportunum
577 2519 727 2583 videatur
748 2536 954 2601 componere,
973 2539 1057 2600 quae
1077 2520 1118 2584 de
1133 2519 1333 2601 Panyasside
1348 2523 1447 2601 poeta

153 2622 311 2686 memoria
341 2622 438 2703 digna
467 2624 552 2699 sunt,
583 2622 755 2686 dicendum
784 2623 880 2687 nobis
911 2626 969 2700 est,
1000 2643 1084 2704 quae
1107 2621 1280 2704 Panyassis
1304 2623 1447 2687 carmIna

153 2724 325 2805 scripserit,
348 2723 457 2805 qualia
472 2724 601 2802 fuerint,
620 2726 698 2806 quid
715 2731 840 2791 veteres
858 2727 899 2790 de
916 2726 955 2790 iis
970 2725 1189 2802 iudicaverint,
1209 2745 1265 2790 cur
1283 2725 1447 2807 perierint,

154 2844 219 2904 quo
235 2828 383 2905 tempore
399 2825 572 2907 Panyassi's
595 2827 736 2905 desierit,
759 2848 824 2909 quo
841 2828 984 2910 coeperit
998 2833 1097 2910 poeta
1113 2827 1220 2893 notior
1237 2849 1317 2892 esse.
1353 2828 1446 2906 Quae

157 2926 287 3006 cognita
308 2946 347 2990 ac
363 2931 457 3018 certa
479 2932 563 3006 sunt,
586 2930 728 2994 breviter
748 2934 878 2994 tantum
900 2932 1105 3012 attingemus.

240 3029 393 3094 Carmina
407 3031 624 3112 Panyassidis,
641 3037 677 3097 ut
694 3033 749 3115 qui
768 3034 857 3115 apud
869 3034 1004 3099 Suidam
1021 3034 1208 3099 nominetur
1219 3038 1340 3119 ποιητὴς
1355 3037 1445 3113 ἐπῶν,

153 3132 283 3197 fuerumt
320 3133 420 3215 epica.
479 3134 621 3199 Nomina
649 3137 821 3201 traduntur
854 3138 1004 3202 duorum.
1059 3137 1164 3202 Alteri
1194 3137 1328 3201 carmini
1357 3138 1445 3219 apud

154 3235 289 3300 Suidam
310 3256 431 3301 nomen
455 3241 504 3301 est
517 3231 744 3323 ‘Hpuxladcstl
767 3241 855 3322 apud
878 3240 959 3305 alios
972 3235 1185 3326 ‘ltprimum
1218 3241 1409 3305 Aristoteles
1417 3239 1444 3324 3)

152 3339 295 3404 carmina
326 3342 509 3422 appellans,
554 3361 638 3423 quae
680 3344 721 3408 de
761 3343 900 3409 Hercule
943 3347 1067 3420 essent,
1109 3343 1241 3407 nomine
1278 3339 1445 3429 ‘Hpaxlatr

151 3442 261 3507 atttur.
307 3444 399 3522 Quae
429 3445 570 3509 nominis
597 3446 722 3511 formae
752 3448 795 3512 ad
817 3447 1024 3528 Panyassidis
1055 3465 1185 3510 carmen
1213 3446 1445 3528 appellandum

152 3565 267 3609 omnes
289 3547 359 3626 pari
381 3547 450 3612 iure
472 3547 600 3612 admitti
621 3553 769 3629 possunt.
809 3549 883 3627 Qua
906 3548 993 3613 enim
1015 3550 1085 3630 ipse
1103 3549 1277 3631 Panyassis
1299 3569 1376 3612 usus
1393 3549 1443 3626 sit,

151 3648 324 3712 nescimus.
375 3650 489 3731 Neque
518 3651 585 3714 ulla
615 3655 673 3727 est,
704 3651 755 3715 cui
785 3652 905 3716 similes
935 3672 1002 3716 non
1031 3651 1280 3735 inveniantur.⁴)
1335 3653 1444 3734 Longe

152 3751 341 3832 saepissime
363 3753 498 3816 carmini
519 3753 656 3816 inditum
678 3772 799 3816 nomen
823 3750 987 3839 Ἡράκλεια
1016 3755 1139 3836 legitur,
1170 3755 1258 3836 quod
1289 3755 1443 3835 exemplis

152 3872 210 3917 sex
229 3854 386 3933 tradatur,
409 3856 552 3937 reliquae
574 3855 716 3919 nominis
739 3855 864 3920 formae
887 3857 1028 3938 singulis.

241 4006 262 4076 ¹)
290 4010 364 4062 Suid.
382 4027 402 4063 s.
421 4027 447 4065 v.
457 4007 584 4071 Πανύασις
662 4010 758 4082 ἔγραψε
776 4010 803 4063 δὲ
822 4012 865 4065 καὶ
879 4009 1053 4079 Ἧρακλειάδα
1072 4012 1098 4063 ἐν
1115 4012 1221 4082 βιβλίοις
1236 4012 1277 4082 ιβ’,
1297 4013 1331 4072 u<
1346 4013 1395 4084 ἔπη
1413 4011 1443 4082 ll.

237 4091 259 4160 ²)
286 4094 384 4148 Athen.
402 4095 446 4148 XI.
465 4097 517 4150 469
537 4096 569 4151 D.
588 4102 614 4152 et
631 4097 683 4151 498
701 4097 733 4150 D.
751 4125 785 4135 -
803 4097 895 4165 Stepb.
914 4097 975 4166 Byz.
994 4115 1014 4150 s.
1034 4114 1058 4155 v.
1078 4093 1165 4156 Ἀσπίς
1189 4103 1253 4153 ets.
1274 4115 1299 4157 v.
1318 4097 1443 4169 Βεμβῑνα.

150 4207 184 4214 -
203 4177 298 4246 Hygin,
317 4179 388 4233 Astr.
407 4181 443 4234 II.
458 4183 483 4235 6.
501 4183 638 4238 Eratosth.
656 4183 755 4239 Catast.
773 4183 811 4238 xl
829 4184 901 4253 apud
919 4183 1003 4238 Phar.
1022 4201 1043 4238 s.
1062 4201 1086 4237 v.
1106 4179 1243 4252 Καρκῖνος.

236 4262 260 4332 ³)
288 4265 362 4319 Poet.
380 4265 450 4321 VIII.
468 4268 493 4320 I.
519 4264 575 4321 ὅσοι
599 4271 651 4323 τῶν
673 4273 788 4340 ποιητῶν
802 4267 968 4340 Ἠρακληῖὃα
991 4271 1035 4323 καὶ
1053 4268 1172 4339 Θησηΐδα
1190 4312 1197 4326 .
1217 4311 1223 4323 .
1243 4270 1441 4340 marcomerem.

238 4348 263 4417 ⁴)
291 4351 324 4404 cl.-
341 4351 545 4406 Tzschimerum
562 4369 588 4421 p.
607 4354 648 4408 38.
667 4355 709 4419 39,
729 4355 775 4423 qui
793 4356 826 4409 de
843 4357 896 4410 hac
913 4373 942 4410 re
961 4355 1094 4409 disserens
1118 4356 1230 4410 nomiae
1245 4354 1399 4424 Ἠρακλειάς
1417 4363 1443 4411 et

151 4433 250 4496 Μινυάς
269 4441 296 4491 ct
313 4435 437 4507 Πριαμιάς
455 4442 482 4492 et
499 4435 653 4505 Βυζαντιάς,
677 4441 773 4495 deinde
786 4440 927 4511 Ἡράκλεια
946 4447 972 4497 ct
987 4439 1137 4509 Ὀδύσσεια,
1164 4442 1279 4511 denique
1298 4439 1442 4512 Ἠρακληῖς

150 4527 177 4576 et
195 4519 294 4594 Θησηῒς
312 4525 434 4579 contulit.
