3604 5288
797 314 988 376 ..5-

242 480 490 571 Ἁλικαρνασσοῦ.
556 483 606 551 Ἐν
657 487 690 552 δὲ
733 491 864 572 ποιηταῖς
912 480 1162 574 Ἁλικαρνασσοῦ.
1234 486 1282 554 Ἐν
1327 489 1361 554 δὲ
1404 497 1537 575 ποιηταῖς

236 591 379 674 τάττεται
396 589 463 671 μεθ’
475 577 624 673 Ὅμηρον,
643 590 719 652 κατὰ
737 589 770 653 δέ
787 612 864 660 τινας
916 590 1048 654 τάττεται
1066 591 1132 676 μεθ’
1148 579 1298 675 Ὅμηρον,
1315 593 1391 656 κατὰ
1410 593 1444 656 δέ
1460 617 1537 665 τινας

247 695 296 757 καὶ
331 691 397 776 μεθ’
426 691 564 757 Ἡσίοδον
594 696 643 757 καὶ
669 689 864 778 Ἀντίμαχον.
918 695 992 778 μετὰ
1017 687 1159 760 Ἡσίοδον
1186 698 1236 759 καὶ
1265 694 1452 781 Ἀντίμαχον.
1481 687 1537 760 Ἔ-

240 785 379 882 Ἔγραψτ
402 799 433 860 δὲ
455 798 505 859 καὶ
523 791 729 879 Ἡρακλειάδα
751 797 781 860 ἐν
805 797 864 882 βιβ·
917 804 1014 882 γραψτ
1031 799 1065 862 δὲ
1080 801 1130 862 καί
1142 792 1348 882 Ἥρακλεωὶδα
1367 799 1397 862 ἐν
1417 800 1537 886 βιβλίοις

247 900 319 969 λίυις
341 897 372 963 ιδ’
400 901 441 970 εἰς
463 897 520 982 ἔπη
548 900 583 984 β.
611 897 726 964 ’ίωνικὰ
748 901 779 964 ἐν
801 923 865 964 πεν-
918 895 950 963 ιδ’
973 902 1013 971 εἰς
1025 899 1081 983 ἔπη
1099 902 1133 984 β,
1160 899 1274 966 Ἰωνικὰ
1292 902 1536 986 ἐνπενταμέτρῳ,

245 1001 397 1086 ταμέτρῳ,
432 1001 492 1067 ἔστι
522 1004 555 1066 δὲ
585 1002 621 1065 τὰ
650 1004 716 1086 περὶ
745 999 865 1086 Κόδρου
919 1001 979 1066 ἔστι
1002 1005 1035 1067 δὲ
1057 1006 1093 1067 τόι
1114 1007 1181 1088 περὶ
1200 1004 1319 1090 Κόδρου
1342 1007 1392 1068 καί
1411 1003 1537 1088 Νηλέως

246 1106 295 1168 καὶ
312 1103 417 1189 Νηλέα
439 1108 486 1170 καὶ
504 1107 555 1177 τὰς
572 1103 701 1175 Ἰωνικὰς
721 1107 865 1185 ἀποικίας,
918 1107 968 1170 καὶ
985 1107 1036 1176 τὰς
1052 1105 1181 1179 Ἰωνικὰς
1200 1109 1344 1185 ἀποικίας,
1364 1110 1405 1178 εἰς
1422 1107 1479 1191 ἔπη
1504 1111 1536 1193 ,L

247 1211 287 1279 είς
311 1208 367 1292 ἔπη
394 1208 457 1293 ,[.¹)

290 1312 452 1392 Πανόασις,
471 1307 734 1396 Ἃλικαρνασσεός,
762 1315 866 1375 νεώτε-

248 1437 309 1499 ρος,
322 1415 495 1500 φιλόσοφος,
511 1416 577 1499 περὶ
585 1415 706 1497 ὀνείρων
718 1415 815 1500 βιβλία
827 1413 864 1500 β.

332 1552 368 1614 ln
389 1551 438 1630 iis,
462 1571 546 1632 quae
568 1551 686 1618 Suidas
709 1551 750 1614 de
771 1549 970 1633 Panyasside
992 1555 1113 1628 narrat,
1143 1553 1235 1617 tanta
1258 1571 1365 1615 rerum
1395 1552 1537 1616 varietas

247 1654 379 1732 exsistit,
410 1658 532 1735 quanta
553 1655 587 1717 in
610 1653 731 1718 Suidae
759 1654 833 1718 vitis
861 1655 1053 1736 plerumque
1083 1655 1218 1720 exilibus
1246 1675 1318 1719 esse
1346 1674 1415 1720 non
1443 1656 1536 1720 solet.

244 1757 293 1821 De
311 1757 377 1822 rita
396 1757 482 1822 enim
500 1760 713 1838 exponuntur,
733 1776 817 1839 quae
831 1757 875 1821 ad
889 1763 1016 1840 patrem
1029 1762 1062 1822 et
1081 1762 1246 1840 cognatm,
1266 1759 1309 1822 ad
1323 1758 1474 1840 patriam,
1494 1758 1538 1822 ad

245 1864 397 1936 aetatem,
415 1860 457 1924 ad
474 1863 615 1924 mortem
630 1861 802 1940 pertinent.
831 1857 899 1926 Nee
915 1881 1034 1942 parvus
1052 1866 1101 1926 est
1116 1881 1271 1925 numerus
1290 1880 1402 1926 earum
1416 1881 1537 1939 rerum,

246 1982 330 2044 quae
361 1962 402 2026 de
429 1962 628 2044 Panyasside
656 1962 812 2043 scriptore
840 1963 995 2028 feruntur.
1048 1964 1225 2028 Immodiee
1254 1963 1349 2046 igitur
1377 1963 1537 2041 mutilata,

246 2065 306 2129 etsi
332 2064 479 2127 nonnihil
507 2065 665 2127 omissum
691 2069 747 2128 aut
775 2067 991 2148 depravatum
1018 2087 1089 2130 esse
1117 2067 1301 2148 apparebit,
1330 2066 1538 2149 Panyassidis

244 2169 311 2232 vita
338 2188 358 2232 a
381 2167 483 2232 Suida
504 2166 589 2230 tradi
616 2185 683 2230 non
711 2166 847 2231 videtur.
891 2167 1078 2250 Tantopere
1106 2188 1183 2233 vero
1206 2169 1419 2247 deminutam,
1445 2173 1481 2234 ut
1503 2169 1538 2233 in

246 2291 319 2335 eam
331 2270 491 2352 inquirere
502 2269 738 2333 infructuosum
754 2271 805 2348 sit,
822 2271 1021 2352 quaestionis
1034 2271 1206 2336 materiam
1223 2272 1387 2353 accepisse
1403 2272 1537 2336 omnino

244 2393 312 2438 non
333 2374 490 2437 videmur.

329 2476 404 2540 Non
432 2476 651 2558 neglegendus
682 2478 732 2539 est
759 2475 933 2560 Panyassis
963 2478 1059 2555 alter,
1083 2477 1137 2559 qui
1159 2475 1279 2555 minor,
1309 2475 1551 2558 philosophus,

243 2580 520 2656 Halicarnasseus
544 2578 585 2642 de
608 2578 742 2642 somniis
765 2581 884 2645 librum
906 2581 1072 2662 scripsisse
1094 2581 1203 2645 fertur.
1239 2580 1347 2658 Quare
1370 2580 1537 2661 quomodo

244 2684 391 2766 quaestio
418 2683 613 2764 implieetur,
641 2682 804 2747 nonnullis
825 2684 933 2748 verbis
961 2683 1190 2765 exponendum
1214 2687 1273 2760 est,
1304 2686 1481 2764 antequam
1503 2683 1536 2745 in

244 2807 317 2852 eam
339 2787 507 2851 intramus

332 2974 353 3041 1)
381 2974 456 3039 Quos
474 2972 550 3025 locos
568 2972 730 3042 depravatos
749 2990 808 3026 esse
825 2989 948 3041 quosque
966 2989 1014 3041 per
1031 2989 1060 3027 se
1077 2989 1134 3027 non
1153 2974 1315 3041 depravatos
1332 2972 1417 3040 inepti
1435 2971 1536 3040 aliquid

243 3061 343 3115 habere
358 3057 611 3121 demonstrabimus,
630 3073 678 3110 eos
691 3058 745 3112 hoe
757 3059 850 3113 statim
864 3059 925 3112 loeo
940 3075 1097 3116 enumerare
1112 3063 1297 3128 opportunum
1312 3057 1424 3111 videtur.
1451 3057 1537 3112 Simul

244 3145 376 3211 addimus
395 3145 534 3212 quomodo
553 3144 667 3198 anobis
685 3144 821 3199 emendati
837 3144 892 3198 sint
909 3149 958 3198 aut
975 3145 1040 3213 quid
1058 3145 1141 3214 inepti
1159 3145 1288 3198 habeant.

285 3232 317 3285 A.
344 3231 433 3284 Verba
446 3227 534 3300 Δοῦρις
552 3271 558 3282 .
578 3270 584 3283 .
604 3271 610 3282 .
630 3269 636 3283 .
655 3227 762 3298 Θούριον
777 3246 851 3284 nune
864 3231 956 3298 inepto
972 3230 1032 3284 loco
1047 3231 1180 3285 collocata
1193 3231 1332 3299 quondam
1346 3233 1409 3297 post
1422 3227 1535 3282 verbum

340 3313 548 3388 Ἁλικαρνασσεύς
565 3315 657 3370 locum
674 3316 792 3370 tenuisse
808 3317 960 3385 putandum
979 3321 1028 3371 est.
1064 3317 1097 3371 ef.
1116 3334 1142 3384 p.
1162 3315 1202 3370 78.

285 3404 315 3457 Β.
343 3403 432 3456 Verba
450 3401 546 3467 ὁμοίως
565 3401 592 3454 δὲ
610 3401 652 3455 καί
666 3398 807 3470 Ἡρόδοτος
821 3399 928 3472 Θούριον
947 3403 1079 3456 mutanda
1092 3407 1163 3455 sunt.
1191 3401 1354 3468 Corruptum
1368 3403 1408 3453 est
1422 3400 1535 3453 verbum

340 3487 491 3559 Ἡρόδοτος,
509 3487 586 3542 cuius
598 3487 658 3542 loeo
673 3488 814 3542 scribimus
827 3486 970 3558 Ἡρόδοτον
988 3488 1042 3542 τόν.
1067 3488 1111 3541 Ad
1128 3487 1217 3540 Verba
1236 3486 1333 3552 ὁμοίως
1351 3525 1358 3540 .
1377 3525 1383 3538 .
1402 3525 1409 3538 .
1428 3482 1535 3555 Θούριον

345 3575 518 3644 explananda
535 3574 675 3642 quondam
692 3574 768 3628 loeus
786 3574 893 3628 additus
910 3574 972 3640 fuit,
997 3573 1043 3644 qui
1066 3589 1140 3628 nune
1157 3571 1273 3626 omissus
1297 3577 1345 3627 est.
1380 3571 1536 3640 supplenda

345 3667 409 3715 sunt
421 3662 505 3715 verba
521 3655 550 3719 ὃς
567 3659 594 3710 ἐν
609 3657 690 3729 Σάμῳ
709 3661 755 3727 μὲν
774 3661 884 3732 διίτριψι
902 3662 982 3730 φυγὰς
1000 3655 1047 3728 ὤν,
1065 3658 1094 3710 ἐκ
1114 3657 1141 3711 δὲ
1154 3655 1355 3730 Ἀλικοιρνασοοῦ
1373 3659 1475 3728 ηίχονεν
1492 3657 1535 3711 vel

345 3747 448 3802 similia.
485 3747 622 3814 ef.p.18.
643 3747 682 3799 19.

290 3835 316 3888 C.
344 3833 437 3888 Verba
463 3831 620 3891 Πονυάσιδος
647 3833 761 3902 ἀδελφὴν
788 3831 926 3901 ἱστόρησαν
952 3831 990 3885 ita
1017 3829 1174 3898 corrigenda
1201 3834 1280 3894 sunt,
1305 3835 1336 3882 ut
1362 3825 1535 3896 Panyassidis

345 3920 455 3974 nornine
472 3923 577 3972 mutato
596 3918 730 3972 scribatur
747 3915 910 3990 Πολυάρχου.
946 3917 979 3970 ef.
997 3933 1023 3984 p.
1041 3917 1084 3968 49.
1103 3918 1144 3970 50.

285 4007 316 4058 D.
343 4007 436 4074 Inepte
460 4005 543 4058 verba
565 3999 599 4071 ἦν
618 4003 658 4058 uu
675 4006 728 4058 τῶν
747 4001 878 4072 Πιρσιιιῶν
902 4019 965 4056 eum
987 4001 1020 4055 iis
1043 4017 1115 4070 quae
1133 4001 1296 4054 antecedunt
1319 3999 1407 4053 verbis
1424 3999 1468 4051 καὶ
1486 3999 1533 4068 γάρ

345 4092 491 4145 coniuncta
507 4096 578 4154 sunt,
598 4107 668 4159 quae
686 4091 776 4155 verba,
795 4089 920 4158 quamvis
935 4103 1062 4155 perversa
1079 4087 1141 4154 sint,
1160 4092 1252 4140 tamen
1271 4085 1370 4138 mutari
1388 4090 1435 4139 aut
1453 4084 1535 4138 deleri

345 4192 402 4228 nou
420 4176 527 4229 debent.
554 4177 587 4230 ef.
605 4193 632 4244 p.
651 4176 761 4230 to-aa
781 4177 823 4230 30.
842 4176 954 4229 33-35.
973 4174 1014 4227 38.

171 4326 174 4333 Ι
289 4261 318 4314 Ε.
346 4261 412 4313 Post
429 4260 512 4313 verba
529 4258 688 4330 Λυγδάμιδος
706 4265 751 4314 τοῦ
770 4261 926 4316 exciderunt
943 4261 1026 4313 verba
1044 4255 1083 4310 ἀπ’
1106 4253 1275 4328 Ἀρτεμισίας.
1316 4257 1348 4309 ef.
1367 4273 1393 4324 p.
1411 4256 1454 4309 βό.

288 4347 316 4400 F.
344 4346 433 4399 Verba
451 4344 546 4415 ἔγραψε
565 4344 591 4397 δέ
610 4347 674 4411 κτλ,
693 4347 792 4414 quibus
810 4347 931 4400 additum
949 4346 1062 4399 verbum
1077 4344 1120 4395 καί
1138 4359 1211 4396 nune
1228 4348 1350 4410 ineptum
1368 4358 1396 4395 se
1414 4341 1533 4409 praebet,

344 4449 378 4486 ex
395 4431 524 4500 scriptore
542 4435 651 4497 sumpta
668 4437 738 4495 sunt,
758 4432 803 4498 qui
822 4438 884 4485 ante
898 4448 930 4484 ea
942 4431 1041 4484 libmm
1054 4431 1110 4499 rupi
1124 4428 1228 4496 ὀνείρων
1241 4428 1401 4495 inscriptum
1416 4443 1533 4480 comme·

344 4517 467 4574 moravit.
501 4516 534 4569 ef.
552 4532 578 4583 p.
596 4516 638 4568 59.
670 4541 673 4551 ·
