3604 5288
881 315 1089 378 ..54-

341 487 407 552 iam
434 507 502 552 non
531 506 705 570 possumus
728 486 864 551 scientes
895 485 1035 551 auctoris
1058 485 1171 568 optimi
1200 486 1386 551 testImonio
1408 485 1528 550 tradita
1551 506 1631 563 esse,

342 611 426 672 quae
445 591 486 654 de
504 589 710 672 Panyassidis
728 608 809 654 nece
826 589 946 655 tradita
963 588 1108 670 legimus.
1146 589 1208 667 Qui
1227 589 1381 670 quoniam
1400 609 1420 654 a
1437 587 1632 671 Lygdanride

341 700 478 776 tyranno
500 697 635 757 necatus
658 713 730 756 esse
753 691 875 771 dicitur,
895 712 993 774 quem
1015 696 1092 756 ante
1114 692 1155 756 ol.
1176 693 1228 756 81.
1252 693 1271 756 3
1291 692 1345 776 t:
1364 691 1441 775 454)
1465 691 1632 773 expulsum

343 815 414 861 esse
449 795 581 873 scimus,
618 795 812 860 contrariam
850 796 1036 879 opinionem
1075 815 1201 874 eorum,
1241 795 1296 877 qui
1328 794 1507 877 Panyassin
1538 794 1629 858 Anti·

342 899 448 964 machi
482 899 675 980 magistrum
705 903 736 963 et
770 899 910 964 Choerili
945 900 1115 981 aequalem
1153 899 1315 978 fecerunt,
1355 898 1541 979 Improbare
1575 898 1633 962 de·

342 1002 467 1066 bemus

430 1105 526 1183 Quod
556 1105 597 1171 de
618 1105 824 1187 Panyassidis
855 1109 962 1170 aetate
976 1093 978 1100 ’
992 1107 1074 1170 haec
1104 1105 1212 1186 opimo
1240 1125 1393 1186 perversa
1423 1103 1498 1168 oriri
1520 1107 1577 1185 pot
1602 1103 1635 1181 't,

342 1228 428 1274 nunc
450 1207 568 1272 mirum
588 1227 655 1272 non
679 1212 737 1272 est.
783 1208 845 1287 Qui
868 1208 954 1273 enlm
970 1208 1175 1292 Panyassidis
1198 1212 1327 1290 tempus
1350 1208 1459 1272 natale
1481 1207 1514 1270 in
1533 1207 1574 1270 ol.
1593 1208 1635 1272 78

342 1315 530 1392 posuerunt,
561 1312 602 1375 de
628 1311 834 1394 Panyassidis
863 1331 943 1376 nece
973 1315 1049 1376 ante
1072 1312 1114 1376 ol.
1138 1313 1189 1377 81.
1214 1313 1233 1375 3
1255 1311 1409 1394 ponenda
1438 1309 1516 1375 nihil
1544 1330 1635 1375 com-

342 1417 470 1496 pertum
492 1413 646 1478 habuisse
668 1418 816 1496 possunt.
859 1415 911 1479 Ab
934 1414 988 1479 illo
1007 1418 1116 1479 autem
1140 1414 1294 1495 scriptore
1318 1434 1357 1478 ea
1378 1417 1511 1478 narrata
1533 1418 1593 1492 est,
1616 1435 1637 1478 a

342 1536 407 1598 quo
430 1521 556 1582 veteres
584 1517 747 1600 accepisse
768 1517 1159 1600 vidimus,·quaecunque
1181 1518 1222 1582 de
1244 1517 1451 1600 Panyassidis
1475 1520 1507 1581 et
1527 1516 1636 1581 Hero-

343 1619 411 1683 doti
431 1621 529 1685 rebus
551 1621 805 1685 Halicarnasseis
828 1621 949 1686 tradita
970 1622 1164 1687 hahuerrmt.
1214 1621 1261 1684 Ex
1289 1640 1354 1702 quo
1382 1639 1456 1686 cum
1478 1625 1637 1702 appareat

246 1809 248 1812 Ι
343 1723 384 1786 de
406 1722 457 1787 his
478 1724 575 1787 rebus
599 1724 750 1788 omnibus
771 1723 851 1788 nihil
872 1723 909 1788 iis
932 1728 1134 1807 compertum
1152 1723 1262 1801 fuisse,
1285 1723 1339 1805 qui
1353 1723 1532 1805 Panyassin
1551 1726 1636 1786 tem-

342 1825 476 1907 poribus
502 1826 589 1890 bello
616 1825 883 1908 Peloponnesiaci
910 1827 1057 1891 floruisse
1084 1831 1290 1910 putaverunt,
1321 1847 1377 1892 eas
1405 1825 1461 1890 diu
1490 1825 1636 1890 obscuri-

342 1934 410 1995 tate
432 1929 565 1994 latuisse
595 1949 633 1994 ac
660 1930 757 2012 plane
780 1930 944 2012 ignoratas
968 1951 1039 1995 esse
1063 1933 1200 2013 oportet.
1245 1930 1357 2012 Itaque
1380 1927 1450 1993 fieri
1471 1928 1577 2011 potuit
1601 1933 1637 1995 ut

343 2034 384 2097 de
407 2036 513 2097 aetate
535 2032 619 2097 falsa
642 2033 751 2115 opinio
775 2038 930 2098 oreretur.
1294 2107 1296 2112 ,

430 2135 521 2213 Quae
544 2135 667 2216 opini0,
697 2137 851 2218 quesere
877 2136 1109 2218 temporeillis
1138 2137 1236 2200 rebus
1266 2137 1298 2199 in
1329 2137 1436 2200 lucem
1464 2139 1636 2217 protractis

342 2240 484 2304 refutata
505 2259 544 2304 ac
566 2242 711 2304 correcta
733 2241 783 2318 sit,
806 2260 873 2304 non
895 2240 1023 2318 desunt,
1046 2259 1130 2320 quae
1146 2240 1294 2303 doceant.
1321 2238 1416 2303 Duris
1434 2239 1520 2303 enlm
1542 2241 1636 2305 testi-

343 2342 453 2406 monia
475 2341 638 2423 scriptoris
654 2341 902 2420 Halicarnassei,
925 2362 1022 2424 quem
1046 2343 1225 2419 statuimus,
1249 2323 1377 2423 cognita
1399 2343 1552 2407 habuisse
1569 2364 1637 2408 non

343 2449 461 2528 potest,
489 2464 572 2526 quae
595 2444 622 2507 si
645 2444 773 2525 cognita
801 2444 980 2522 habuisset,
1008 2443 1186 2527 Panyassin
1215 2465 1277 2508 nec
1298 2433 1416 2509 Dioclis
1446 2445 1548 2510 filium
1575 2467 1636 2511 nec

345 2547 491 2612 Samium
520 2546 729 2624 nominasset,
752 2547 810 2611 sed
833 2547 973 2612 auctoris
995 2547 1078 2612 illius
1100 2547 1338 2612 Halicamassei
1360 2549 1546 2613 testimonia
1567 2570 1636 2614 non

344 2650 451 2714 minus
473 2652 602 2713 secutus
625 2653 710 2713 esset
733 2669 832 2730 quam
854 2650 967 2731 reliqui
989 2670 1112 2715 omnes.
1157 2651 1204 2714 Ex
1226 2671 1291 2732 quo
1315 2655 1492 2734 apparete
1515 2653 1638 2717 Duride

346 2756 378 2818 et
398 2751 577 2834 Panyassin
599 2755 631 2816 et
652 2751 856 2817 Herodotum
877 2757 1053 2835 propterea
1074 2753 1203 2818 Samios
1226 2755 1407 2837 appellatos
1431 2774 1516 2833 esse,
1548 2757 1638 2836 quod

346 2875 458 2921 eorum
487 2854 593 2936 patria
622 2859 691 2919 tum
719 2855 881 2938 incognita
911 2860 989 2922 erat.
1047 2856 1183 2938 Cognita
1215 2857 1301 2920 enim
1335 2857 1361 2921 si
1394 2857 1520 2936 fuisset,
1554 2859 1638 2925 illius

343 2957 590 3042 Halicarnassei‘
604 2957 723 3022 libmm
746 2959 893 3023 evolvere
915 2959 1010 3024 Duris
1033 2979 1100 3023 non
1123 2959 1293 3024 omisisset.

430 3062 474 3125 At
495 3061 699 3141 Pergameni,
735 3061 790 3142 qui
820 3062 1020 3142 temporibus
1050 3081 1161 3143 regum
1183 3062 1456 3143 Pergamenorum
1479 3065 1639 3131 Herodoti

345 3167 485 3228 statuam
523 3163 557 3226 in
595 3162 793 3227 bibliotheca
831 3164 997 3245 posuerint
1036 3165 1141 3229 verbis
1182 3162 1351 3250 Ἡρόδοτος
1385 3162 1638 3253 Ἁλικαρνασσεύς

345 3266 533 3348 inscriptam
556 3268 588 3329 et
611 3266 699 3346 quod
721 3265 858 3330 sciamus
880 3266 973 3347 primi
994 3267 1163 3332 Herodoto
1186 3268 1432 3335 Halicarnasseo
1456 3291 1638 3354 cognomen

346 3370 503 3447 dederint,
532 3368 613 3432 illius
640 3367 804 3449 scriptoris
831 3369 871 3433 de
893 3369 1088 3452 Panyasside
1116 3375 1147 3435 et
1169 3371 1337 3436 Herodoto
1364 3374 1548 3439 testimonia
1569 3395 1639 3440 non

345 3475 582 3556 ignoraverimt.
627 3473 674 3536 Ex
696 3491 761 3553 quo
784 3476 919 3553 apparet
942 3491 981 3537 ea
1002 3477 1076 3554 post
1100 3474 1201 3538 Durin
1227 3478 1258 3538 et
1281 3479 1357 3541 ante
1382 3476 1501 3540 exitum
1523 3497 1638 3560 regum

345 3578 621 3658 Pergamenorum
651 3575 693 3639 ad
721 3575 826 3638 lucem
855 3579 1019 3657 protracta
1049 3597 1128 3642 esse.
1184 3576 1386 3643 Bibliotheca
1409 3579 1495 3643 enim
1515 3580 1638 3662 Perga-

346 3700 453 3757 mena,
476 3679 510 3742 in
533 3699 597 3760 qua
619 3679 674 3743 illa
696 3682 804 3743 statua
825 3678 932 3761 posita
955 3684 1033 3758 erat,
1056 3685 1131 3763 post
1149 3681 1249 3745 Durin
1271 3682 1416 3746 Eumene
1439 3683 1541 3747 altero
1564 3703 1638 3764 reg-

346 3787 446 3847 nante
468 3781 638 3846 aedificata
648 3780 672 3864 ¹)
697 3786 754 3859 est,
778 3782 867 3847 cuius
889 3802 1024 3864 regnum
1040 3783 1205 3866 aliquanto
1222 3788 1298 3866 post
1312 3784 1441 3851 Doridis
1460 3788 1602 3850 aetatem
1611 3783 1638 3868 2)

347 3886 389 3950 ab
420 3903 506 3949 anno
539 3885 598 3948 197
629 3905 658 3950 a.
690 3884 765 3950 Chr.
791 3905 823 3949 n.
852 3886 980 3967 incepit.
1032 3886 1142 3951 Tertio
1172 3887 1266 3968 igitur
1293 3890 1349 3952 ant
1384 3888 1486 3952 altero
1508 3907 1537 3952 a.
1561 3888 1638 3953 Chr.

347 3988 475 4052 saeculo
510 4006 584 4052 eum
615 3987 730 4082 vixisse
758 3991 901 4069 oportet,
939 3989 994 4068 qui
1024 3989 1146 4070 primus
1178 3989 1261 4054 illius
1295 3990 1458 4072 scriptoris
1491 3990 1638 4055 Halicar-

436 4175 457 4244 Ι)
484 4174 518 4230 cs.
537 4175 638 4246 Conze,
662 4177 904 4246 Sitzungsberichte
922 4177 947 4230 d.
964 4177 1064 4232 Berlin.
1083 4177 1168 4232 Akad.
1188 4178 1266 4243 1884,
1289 4196 1315 4247 p.
1336 4181 1416 4234 1969:
1444 4179 1575 4248 Wegener
1592 4178 1639 4247 (de

349 4264 411 4318 aula
433 4263 550 4318 Attalica
572 4281 598 4332 p.
620 4262 734 4331 51-57)
759 4263 864 4318 schloss
883 4303 957 4321 .....
977 4264 1047 4317 auch
1070 4264 1121 4318 mir
1144 4264 1342 4334 uberzeugend,
1367 4266 1431 4320 dass
1448 4266 1581 4319 Eumenes
1603 4265 1639 4321 Il.

349 4349 420 4402 nach
438 4348 550 4403 Strabos
568 4349 681 4403 Worten
699 4349 761 4402 XIII
780 4348 808 4403 C.
826 4349 878 4402 694
896 4349 944 4402 der
960 4348 1080 4402 Erbauer
1098 4349 1144 4402 der
1162 4349 1315 4404 Bibliothek
1333 4367 1456 4420 genesen
1474 4353 1516 4405 ist.

434 4433 459 4501 ²)
486 4433 551 4492 Circ.
570 4435 708 4488 alo-roo
725 4452 749 4491 a.
768 4436 829 4489 Chr.
847 4451 874 4488 n.
902 4433 940 4487 CI.
959 4450 1033 4487 nuuc
1047 4434 1189 4499 Susemihl,
1208 4435 1311 4489 Griech.
1329 4437 1379 4490 Lit.
1395 4439 1421 4490 d.
1435 4435 1640 4490 Alexauddner·

348 4521 405 4586 zeit,
424 4521 524 4574 Annot.
543 4521 603 4586 340,
621 4539 646 4589 p.
665 4520 725 4575 59r.
