3604 5288
325 1117 522 1256 panyassis
545 1192 619 1237 cum
635 1172 723 1254 apud
739 1175 865 1236 veteres
887 1172 920 1236 in
941 1190 1079 1236 numero
1097 1172 1239 1252 quinque
1259 1170 1424 1251 epicorum
1444 1169 1529 1250 opti-

238 1295 368 1340 morum
379 1276 510 1340 habitus
527 1295 565 1340 ac
575 1275 690 1339 tantia
705 1274 869 1338 nonnullis
889 1275 1079 1338 aestimatus
1097 1274 1148 1351 sit,
1166 1276 1202 1337 ut
1220 1273 1367 1336 omnium
1385 1271 1529 1335 Homero

237 1379 403 1459 proximus
418 1378 623 1455 iudicaretur,
641 1378 740 1441 hodie
759 1396 899 1458 quoque,
923 1377 1005 1440 sicut
1022 1380 1134 1441 tantae
1151 1375 1352 1440 auctoritatis
1373 1375 1531 1438 memoria

238 1482 392 1562 postulat,
412 1501 486 1546 cum
502 1480 599 1544 laude
615 1479 777 1544 nominari
794 1480 886 1544 solet.
922 1479 987 1544 Sed
1011 1479 1087 1560 quia
1109 1479 1253 1543 earmina
1276 1478 1344 1541 eius
1370 1480 1441 1542 tota
1463 1477 1531 1541 lere

238 1583 403 1665 perierunt
420 1573 527 1666 neque
547 1603 564 1646 e
582 1583 725 1664 reliquiis
741 1601 854 1646 eorum
871 1582 992 1663 exiguis
1010 1582 1213 1663 intellegitur,
1237 1600 1302 1662 quo
1319 1581 1388 1644 iure
1404 1583 1532 1644 tantam

240 1686 328 1768 apud
348 1690 474 1764 veteres
495 1685 627 1749 laudem
649 1685 788 1766 adeptus
811 1685 862 1761 sit,
886 1685 980 1766 quasi
1002 1684 1156 1748 oblivioni
1178 1684 1274 1748 datus
1292 1684 1418 1766 neglegi
1437 1683 1530 1759 solet,

237 1789 299 1853 nisi
310 1792 444 1870 propter
455 1788 534 1852 alias
545 1807 598 1851 res
617 1788 685 1852 eius
704 1787 827 1851 mentio
846 1787 995 1851 facienda
1012 1791 1069 1851 est.
1103 1787 1152 1851 Ac
1167 1787 1269 1851 multo
1285 1788 1374 1869 prius
1390 1786 1530 1851 nominis

238 1891 391 1973 splendor
414 1891 543 1955 evanuit
562 1911 662 1972 quam
683 1881 742 1972 pro
765 1890 820 1954 illa
835 1889 1121 1972 grammaticorum
1139 1890 1377 1955 existimatione
1397 1909 1530 1971 exspec-

237 1998 334 2058 tatur.
386 1993 472 2057 Nam
494 1994 593 2057 etiam
615 1992 833 2074 compluribus
857 1993 993 2057 saeculis
1016 1996 1092 2056 ante
1114 1996 1300 2074 temporum
1322 1993 1531 2074 antiquorum

239 2095 359 2159 exitum
380 2095 574 2158 memoriam
588 2094 795 2176 Panyassidis
817 2094 900 2158 adeo
924 2094 1132 2158 obliteratam
1150 2095 1351 2160 inveniemus
1369 2098 1405 2159 ut
1423 2095 1531 2176 ipsum

171 2197 172 2202 ’
237 2216 359 2261 nomen
380 2217 440 2278 pro
467 2197 606 2261 obscuro
634 2197 818 2260 haberetur.
863 2197 946 2260 Fore
968 2196 1064 2278 igitur
1085 2200 1122 2260 ut
1143 2196 1350 2278 Panyassidis
1372 2197 1531 2261 Heraclea

238 2319 316 2364 casu
337 2300 529 2380 reperiatur,
554 2319 627 2363 cum
649 2299 773 2380 sperari
794 2299 847 2363 vix
868 2299 987 2380 possit,
1011 2299 1185 2380 Panyassis
1208 2300 1365 2364 obscurus
1387 2303 1423 2363 ut
1444 2319 1531 2364 nunc

238 2406 297 2480 est,
319 2403 365 2467 ita
387 2403 420 2466 in
442 2405 637 2483 perpetuum
658 2401 786 2466 videtur
807 2421 979 2466 mansurus
1003 2421 1084 2465 esse.
1145 2429 1146 2432 ¹

322 2506 478 2570 Attamen
507 2505 548 2569 de
577 2524 616 2569 eo
640 2504 747 2568 denuo
771 2505 930 2588 disserere
953 2523 1072 2586 operae
1096 2504 1237 2586 pretium
1266 2508 1315 2568 est
1337 2523 1404 2569 non
1426 2504 1533 2568 solum

236 2612 370 2690 propter
386 2609 454 2672 eius
466 2607 693 2672 auctoritatem
703 2607 883 2688 pristinam,
897 2606 957 2671 sed
971 2606 1070 2671 etiam
1086 2608 1163 2688 quia
1179 2627 1253 2671 cum
1264 2608 1327 2671 hac
1341 2607 1532 2688 quaestione

237 2711 319 2775 aliae
334 2711 544 2792 notioresque
562 2711 700 2774 cohaere
723 2714 746 2774 t.
769 2710 812 2774 Ut
824 2710 965 2791 reliquas
985 2709 1145 2787 omittam,
1163 2710 1309 2774 omnium
1326 2709 1532 2774 notissimam

236 2814 386 2890 nomin0,
421 2833 505 2894 quae
539 2812 580 2875 de
608 2812 766 2875 Herodoti
799 2812 866 2876 vita
899 2815 964 2887 est,
999 2811 1088 2874 cuius
1123 2811 1245 2876 multae
1277 2831 1331 2875 res
1359 2811 1533 2893 disceptari

236 2917 412 2995 nequeunt,
435 2915 498 2978 nisi
520 2933 540 2977 a
561 2912 759 2994 Panyasside
781 2913 981 2994 quaestionis
1006 2912 1175 2976 exordium
1198 2913 1343 2977 sumitur.

324 3015 521 3105 Quanquam
544 3015 586 3078 de
609 3033 648 3078 eo
670 3014 769 3096 longe.
788 3015 928 3095 plurima
950 3015 1057 3078 adhuc
1080 3014 1205 3079 incerta
1227 3020 1425 3080 manserunt.
1464 3015 1531 3080 Res

240 3117 327 3181 enim
348 3116 542 3198 implicatior
565 3121 614 3181 est
636 3135 735 3198 quam
756 3121 793 3182 ut
814 3117 928 3199 profici
950 3117 1129 3198 quidquam
1162 3119 1204 3182 ab
1232 3117 1270 3180 iis
1291 3118 1447 3199 potuerit,
1476 3107 1533 3200 qui

237 3220 342 3283 obiter
371 3238 444 3282 eam
472 3220 656 3302 attigerunt.
702 3220 765 3297 Qui
793 3225 903 3285 autem
931 3219 1052 3296 omnia,
1084 3239 1168 3300 quae
1191 3220 1234 3284 ad
1258 3240 1331 3284 eam
1356 3222 1530 3303 pertinent,

237 3321 427 3403 quaestione
450 3323 608 3404 complexi
630 3323 750 3404 sunt,¹)
782 3323 971 3388 difficillima
994 3342 1143 3403 quaeque
1165 3326 1222 3386 aut
1244 3342 1361 3403 pamm
1383 3329 1532 3390 accurate

327 3492 346 3560 ¹)
374 3492 426 3558 Qui
443 3494 572 3562 postremi
589 3499 676 3548 totam
695 3494 837 3548 materiam
855 3499 1049 3557 tractaverunt,
1069 3509 1165 3547 comm
1182 3493 1355 3561 quaestiones
1373 3501 1436 3549 ante
1454 3496 1531 3564 quin-

237 3579 369 3647 quaginta
387 3579 441 3632 fere
460 3596 547 3633 annos
565 3580 652 3633 editae
670 3585 742 3635 sunt.
778 3579 965 3633 Recentissimi
983 3579 1056 3632 enim
1074 3583 1138 3632 sunt
1155 3579 1195 3632 hi:

271 3664 297 3732 a)
324 3665 353 3717 P.
371 3664 541 3730 Tzachirner,
560 3665 717 3734 Panyasidis
734 3665 933 3719 Halicamassei
951 3663 1124 3718 Heracleadis
1141 3664 1302 3739 fragmenta.
1328 3665 1444 3734 (Adiecit
1460 3668 1531 3735 frag-

322 3756 415 3804 menta
428 3750 585 3818 Panyasidis
598 3751 762 3820 philosophi,
776 3751 914 3820 poematia
926 3754 1103 3819 pentametro,
1118 3749 1239 3814 iudices.)
1266 3751 1441 3807 Vratislaviae
1456 3753 1531 3810 1842.
1630 3765 1632 3770 ·

271 3835 300 3904 b)
318 3836 346 3889 F.
365 3836 394 3888 P.
412 3836 527 3902 Funcke,
546 3836 620 3889 Neue
638 3837 729 3891 Jahrb.
748 3837 765 3890 f.
785 3836 851 3890 Phil.
870 3854 896 3890 u.
915 3836 996 3889 Paed.
1014 3835 1056 3888 39.
1075 3835 1099 3886 h.
1137 3835 1211 3888 1843.
1230 3853 1256 3904 p.
1277 3837 1324 3890 131
1336 3854 1396 3906 sqq.

324 3921 376 3986 Qui
398 3921 502 3988 priores
519 3938 576 3976 rem
594 3927 790 3986 tractaverunt,
817 3922 889 3991 apud
911 3921 1115 3982 Tzsobirnerum
1139 3938 1166 3989 p.
1185 3921 1202 3974 t
1226 3928 1431 3989 enumerantur,
1455 3923 1532 3978 cuius

237 4005 359 4072 quaestio
377 4006 498 4074 priorum
516 4007 658 4074 opiniones
676 4012 800 4061 accurate
817 4007 962 4075 respiciens
985 4023 1058 4060 nunc
1074 4007 1156 4074 longe
1179 4007 1319 4075 aptissima
1340 4015 1392 4072 est,
1418 4026 1473 4077 qua
1497 4010 1532 4062 ad
1563 4049 1565 4053 ·

236 4090 378 4143 materiam
396 4093 613 4159 cognoscendam
631 4098 747 4157 utamur,
765 4093 923 4160 praesertim
942 4110 1004 4146 eum
1023 4093 1056 4146 de
1074 4092 1127 4145 hac
1145 4092 1302 4162 quaestione
1320 4094 1455 4148 Funolrius
1472 4095 1489 4147 l.
1509 4111 1531 4147 c.

237 4174 413 4242 disputarent
430 4191 472 4228 res
485 4193 581 4230 omnes
595 4183 719 4231 accurate
732 4195 900 4246 percensens.
928 4178 1005 4246 Quae
1020 4184 1133 4248 uterque
1149 4180 1182 4234 de
1195 4179 1358 4248 Panyasside
1374 4181 1532 4247 quaestione

236 4260 325 4328 priore
343 4260 476 4327 exposuit,
495 4261 668 4329 negleximus

322 4345 375 4399 Ubi
393 4345 575 4400 necessarium
592 4347 741 4412 videbatur,
760 4349 880 4417 priorum
898 4349 1040 4418 opiniones
1054 4350 1334 4416 commemoravimus,
1354 4367 1424 4418 quas
1436 4366 1531 4404 omnes

236 4447 449 4486 commemorare
467 4447 698 4499 sapervacaneum
716 4439 766 4488 est.
801 4435 840 4489 De
857 4435 914 4489 vita
933 4436 1042 4504 quidem
1060 4435 1232 4505 Panyassidis
1254 4436 1356 4489 nullam
1374 4436 1429 4490 fere
1447 4436 1532 4489 secuti

236 4533 339 4570 sumus.

1176 4578 1312 4660 ,μ
