3604 5288
747 331 956 397 -75-

150 555 152 559 .
203 502 302 567 fuisse
324 498 404 565 nihil
426 505 475 566 est
497 503 585 582 quod
607 503 810 586 negemus‚¹)
845 522 929 585 quae
957 524 1010 568 res
1039 505 1139 568 immo
1167 505 1318 570 videntur
1347 511 1497 572 narratae

204 625 275 671 esse
297 605 339 668 ab
363 623 402 668 eo
426 603 581 685 scriptore
602 604 861 685 Halicamasseo‚
884 626 982 688 quem
1005 627 1103 689 supra
1115 607 1304 693 .diximus²)

289 706 393 771 Huius
422 706 585 789 scriptoris
614 709 800 774 testimonia
828 710 926 774 etiarn
947 709 1076 775 Duridis
1104 711 1307 792 temporibus
1336 712 1497 794 incognita

204 812 343 876 fuerunt.
387 811 418 875 Is
445 810 531 874 enim
552 811 758 894 Panyassidis
781 811 871 894 epici,
894 832 992 894 quern
1014 833 1035 877 a
1055 813 1251 895 Lygdamide
1272 819 1423 879 necatum
1444 815 1497 881 ille

205 913 353 991 tradidit,
379 934 422 978 ne
449 917 590 978 aetatem
619 914 749 996 quidem
780 915 942 997 cognitam
962 914 1124 999 habuit‚³)
1152 935 1236 997 quae
1265 917 1291 981 si
1322 917 1497 1000 antiquitus

206 1016 333 1099 cognita
372 1016 498 1094 fuisset,
539 1017 712 1101 Panyassis
750 1017 859 1099 epicus
893 1036 1060 1100 nunquam
1096 1019 1179 1083 falso
1215 1038 1275 1100 pro
1312 1019 1498 1085 Antimachi

205 1119 358 1202 magistro
385 1120 525 1197 habitus
533 1118 562 1204 4)
592 1140 760 1203 nunquam
784 1121 906 1184 florens
933 1120 1068 1185 inbelli
1096 1121 1361 1203 Peloponnesiaci
1390 1127 1498 1188 aetate

206 1223 331 1306 positus
354 1241 392 1287 ac
414 1223 554 1288 Choerili
577 1223 675 1288 Samii
705 1223 848 1305 aequalis
870 1223 1029 1288 iudicatus
1052 1223 1178 1307 esset-³³)
1226 1227 1382 1306 Ignorans
1403 1226 1499 1308 igitur

207 1345 317 1390 veram
349 1324 489 1406 patriam
521 1326 616 1391 Duris
648 1326 826 1408 Panyassin
859 1324 1005 1391 Samium
1038 1326 1230 1400 nominavit,
1271 1331 1307 1391 ut
1339 1328 1498 1393 Herodoti

207 1429 347 1510 patriam
367 1427 572 1511 'ignoravit.⁶)
629 1429 734 1507 Quem
761 1434 841 1494 natu
868 1430 1151 1494 Halicamasseum
1180 1429 1280 1494 fuisse
1316 1449 1390 1494 cum
1418 1431 1499 1496 Per·

207 1531 334 1614 gameni
364 1531 513 1603 sciverint
542 1532 575 1596 in
604 1532 763 1597 Herodoti
792 1535 899 1596 statua
932 1552 1044 1614 regum
1075 1533 1349 1614 Pergamenorum
1381 1537 1498 1611 aetate,

208 1654 282 1698 curn
307 1633 504 1700 bibliotheca
531 1635 595 1699 iam
625 1634 795 1700 aedificata
823 1635 897 1713 fuit,
930 1636 1029 1699 verba
1058 1631 1224 1719 Ἡρόδοτος
1244 1631 1499 1722 Ἃλικαρνασσεύς

207 1735 458 1821 inscribentes‚⁷)
480 1742 556 1820 post
577 1738 679 1802 Durin
700 1737 832 1820 quidem
853 1737 936 1802 illius
962 1737 1125 1819 scriptoris
1150 1737 1386 1803 Halicamassei
1408 1739 1499 1803 testi·

99 1928 103 1936 Ι
208 1840 318 1905 monia
346 1844 437 1905 eruta
465 1861 535 1906 esse
561 1841 659 1923 idque
688 1846 764 1906 ante
788 1841 908 1906 exitum
931 1861 1044 1923 regum
1065 1842 1340 1923 Pergamenorum
1367 1861 1500 1906 necesse

210 1946 269 2008 est.
313 1943 421 2026 Eruta¹
434 1943 529 2026 igitur
551 1948 627 2009 sunt
649 1946 732 2009 inter
754 1963 858 2009 annos
881 1945 945 2008 250
967 1945 1034 2009 lere
1057 1948 1090 2008 et
1116 1945 1175 2008 133
1199 1965 1228 2008 a.
1252 1943 1327 2008 Chr.
1350 1964 1381 2008 n.
1429 1943 1501 2021 Qua

209 2046 244 2110 in
269 2049 377 2112 aetate
407 2067 481 2111 cum
502 2047 695 2130 Apollonius
717 2047 980 2130 Aphrodisiensis
1009 2068 1117 2112 rerum
1148 2047 1334 2112 Caricamm
1364 2047 1501 2128 scriptor

208 2151 382 2232 ponendus
404 2151 459 2227 sit,
489 2151 538 2215 cui
561 2171 611 2215 res
633 2151 897 2215 Halicamasseas
918 2150 1063 2215 narranti
1084 2149 1253 2214 Pisindelis
1276 2154 1308 2215 et
1330 2149 1501 2232 Lygdamis

209 2252 335 2334 tyranni
358 2255 634 2319 commemorandi
657 2257 759 2332 erant,
781 2253 917 2318 forsitan
938 2253 990 2317 hic
1012 2252 1149 2335 scriptor
1171 2272 1210 2318 ea
1233 2251 1391 2336 erueritss)

297 2357 515 2438 Posteaquam
530 2339 702 2439 Panyassis
721 2356 830 2438 epicus
852 2356 954 2422 semel
975 2376 1042 2421 non
1064 2357 1163 2420 modo
1182 2359 1299 2433 aetate,
1323 2356 1382 2421 sed
1404 2354 1502 2420 etiam

156 2515 160 2522 .
212 2479 354 2541 persona
383 2460 588 2543 Panyassidis
619 2459 820 2523 somniorum
849 2459 1032 2542 interpretis
1062 2460 1096 2523 in
1125 2479 1161 2524 se
1190 2459 1347 2524 translata
1377 2479 1397 2523 a
1426 2458 1503 2522 belli

211 2562 331 2627 Persici
353 2566 460 2628 aetate
482 2563 516 2628 in
537 2563 613 2627 belli
631 2561 899 2645 Peloponnesiaci
916 2566 1066 2646 tempora
1084 2566 1253 2646 promotus
1276 2565 1335 2639 est,
1357 2582 1410 2626 res
1432 2560 1502 2642 ipsa

211 2665 390 2747 flagitabat,
412 2670 448 2731 ut
470 2667 628 2731 conflatus
650 2666 702 2730 hic
723 2665 895 2749 Panyassis
918 2666 961 2730 ad
980 2666 1119 2730 Choerili
1142 2667 1183 2730 ol.
1208 2667 1249 2730 78
1271 2665 1339 2729 nati
1361 2667 1502 2729 aetatem

212 2769 449 2849 adiungeretur.
492 2769 553 2834 Hic
583 2768 669 2833 enim
699 2769 807 2850 epicus
837 2769 906 2850 ipse
936 2785 1066 2850 quoque
1092 2769 1152 2833 fuit
1182 2768 1314 2850 eiusque
1342 2772 1432 2832 aetas
1459 2767 1501 2830 ab

212 2870 397 2935 Antimachi
417 2875 545 2937 tantum
567 2872 723 2948 distabat,
751 2876 787 2936 ut
810 2870 960 2937 Choerilo
987 2871 1103 2934 affixus
1124 2870 1296 2953 Panyassis
1317 2868 1503 2933 Antimachi

213 2975 254 3039 ol.
271 2975 314 3038 84
331 2974 398 3038 nati
417 2975 570 3056 magister
589 2995 660 3038 esse
679 2977 800 3057 posset,
823 2975 912 3038 cuius
932 2974 1085 3056 magister
1106 2973 1206 3038 tuisse
1227 2977 1402 3055 propterea
1415 2971 1519 3036 vide--

211 3079 323 3156 batnr,
355 3079 445 3159 quod
474 3078 688 3144 Antimachus
717 3079 826 3160 aliqua
853 3097 931 3142 suae
963 3076 1079 3141 aetatis
1105 3076 1274 3141 comoedia
1296 3073 1503 3158 Panyassidis

211 3181 356 3246 minister
371 3182 520 3247 inductus
539 3179 648 3265 erat.⁹)
676 3180 832 3263 Coniungi
847 3184 957 3245 autem
973 3178 1188 3261 Panyassides
1206 3178 1314 3261 opicus
1331 3183 1363 3242 et
1380 3177 1502 3242 somni-

212 3303 305 3348 orum
327 3284 485 3367 interpres
503 3284 536 3348 in
558 3304 659 3349 unum
681 3304 748 3349 non
770 3287 946 3367 potuerunt
968 3282 1029 3346 nisi
1049 3281 1250 3346 somniorum
1271 3280 1353 3344 liber
1375 3280 1417 3344 ab
1440 3279 1504 3343 hoc

212 3387 348 3469 scriptus
367 3388 450 3452 falso
467 3388 510 3451 illi
529 3388 702 3452 attributus
720 3390 815 3463 esset,
839 3405 923 3468 quae
941 3404 1039 3450 causa
1057 3384 1172 3449 erroris
1190 3404 1229 3449 ac
1250 3381 1503 3466 perturbationis

212 3491 358 3554 omnium
378 3491 484 3572 prima
505 3490 650 3572 putanda
673 3489 779 3572 est.¹⁰)
822 3489 935 3554 Altera
957 3488 1016 3552 fuit
1037 3487 1101 3563 illa,
1124 3488 1212 3568 quod
1235 3487 1277 3550 de
1298 3485 1504 3568 Panyassidis

212 3592 293 3673 epici
315 3593 381 3657 vita
404 3593 458 3656 diu
479 3593 557 3657 nihil
580 3594 656 3658 certi
680 3592 843 3674 cognitum
868 3590 995 3674 erat.¹¹)

296 3697 344 3762 De
361 3695 563 3779 Panyassidis
585 3699 693 3760 aetate
715 3695 861 3777 quaestio
883 3694 1024 3758 maxime
1045 3692 1220 3775 impeditur
1237 3691 1340 3757 tribus
1356 3691 1503 3756 testimo-

211 3799 270 3864 niis
293 3801 459 3883 cormptis
504 3802 624 3865 Eorum
650 3799 693 3876 id,
724 3799 812 3880 quod
840 3799 928 3880 apud
951 3797 1085 3862 Suidam
1108 3815 1133 3859 s
1156 3816 1185 3859 v.
1209 3797 1357 3866 Πανύασις
1379 3793 1504 3875 legitur,

211 3901 256 3967 ita
283 3902 524 3969 dissolvendum
553 3907 611 3981 est,
641 3905 677 3966 ut
707 3901 807 3966 verba
836 3905 886 3965 καὶ
914 3903 970 3986 γὰρ
999 3887 1034 3982 ἦν
1063 3901 1189 3963 ἐπὶτῶν
1212 3899 1366 3982 Περσικῶν
1392 3897 1433 3960 ab
1456 3895 1503 3974 iis,

210 4026 295 4088 quae
317 4007 526 4085 antecedunt,
550 4001 830 4087 disiungantur.¹²)
874 4003 982 4067 Verba
1018 4001 1103 4066 enim
1126 3997 1160 4080 ἦν
1183 4004 1230 4065 ἐπὶ
1252 4003 1310 4066 τῶν
1339 4002 1504 4086 Περσικῶν,

211 4109 327 4190 quibus
343 4108 467 4173 nullum
483 4109 569 4173 aliud
587 4113 716 4189 tempus
735 4106 795 4171 nisi
815 4107 856 4170 ol.
876 4105 916 4170 75
935 4101 1188 4187 significatur‚¹3)
1212 4123 1311 4167 manu
1327 4101 1505 4184 posteriore

211 4211 322 4276 addita
334 4211 505 4292 verbisque
517 4211 633 4293 ineptis
645 4208 761 4296 καὶγὰρ
774 4210 925 4274 adiuncta
940 4211 1015 4274 sunt
1029 4208 1071 4270 ad
1084 4225 1132 4283 ea,
1150 4225 1234 4287 quae
1250 4205 1454 4269 antecedunt.
1462 4201 1505 4288 ¹⁴)

299 4366 320 4435 ι)
347 4385 373 4436 p.
392 4367 503 4420 atr-30.
526 4394 560 4404 -
582 4364 606 4433 2)
624 4381 650 4432 p.
668 4365 710 4418 53.
734 4393 768 4404 -
790 4362 815 4429 3)
832 4381 859 4432 p.
877 4363 919 4417 54.
945 4391 976 4400 -
995 4360 1018 4427 ⁴)
1037 4377 1063 4428 p.
1082 4361 1123 4413 m.
1142 4361 1184 4414 55.
1204 4388 1237 4399 -·
1254 4359 1277 4423 ⁵)
1295 4376 1321 4427 p.
1340 4359 1451 4412 38-41.
1471 4385 1505 4396 -

209 4451 233 4520 θ)
251 4469 278 4520 p.
299 4453 337 4506 19.
356 4453 398 4506 30.
426 4481 459 4491 -
486 4451 509 4520 7)
527 4467 554 4519 p.
574 4450 668 4504 1354.
696 4478 729 4487 -
756 4447 779 4517 8)
799 4465 824 4517 p.
842 4449 884 4502 54.
899 4450 941 4502 55.
970 4476 1002 4485 -
1030 4445 1054 4514 ⁹)
1072 4463 1098 4513 p.
1117 4445 1215 4502 5523.
1243 4473 1277 4483 -
1305 4443 1338 4511 1⁰)
1356 4460 1382 4511 p.
1402 4444 1443 4496 63.
1470 4471 1506 4480 -

213 4536 246 4606 ¹¹)
263 4555 289 4606 p.
308 4539 350 4592 54.
368 4567 402 4578 -
423 4536 456 4605 ¹²)
475 4554 501 4605 p.
519 4537 561 4592 38.
580 4565 613 4575 -
634 4533 669 4603 ¹³)
688 4551 712 4603 p.
732 4535 843 4590 31-33.
861 4563 895 4572 —
915 4533 948 4600 1⁴)
967 4550 993 4601 p.
1012 4533 1054 4585 34.
1073 4533 1115 4584 35.
1134 4532 1176 4586 38.
