3604 5288
867 296 1079 359 ,46-

327 470 368 533 ol.
394 470 444 533 77.
464 471 486 533 4
507 469 704 545 ascribatur,
735 469 778 532 ab
801 467 939 533 Eusebio
963 468 1068 533 eidem
1091 486 1178 531 anno
1201 466 1327 531 videtur
1356 465 1513 548 ascriptus
1537 486 1618 530 esse.

326 571 411 635 Nam
440 573 483 635 ab
513 572 651 636 Eusebio
681 571 725 636 illi
754 571 1031 652 perturbationem
1059 575 1267 653 acceperunt,
1301 591 1401 653 quam
1428 570 1516 651 apud
1544 589 1619 634 eum

325 677 453 738 tantam
475 673 574 739 luisse
597 678 736 755 oportet,
759 677 795 738 ut
818 673 917 737 etiam
938 692 1047 737 remm
1065 674 1146 737 ordo
1167 674 1284 738 dubius
1302 677 1397 750 esset,
1420 693 1485 755 quo
1501 672 1618 737 Hiero-

326 795 442 858 nymus
472 781 504 841 et
532 777 705 841 Armenius
736 776 866 858 saepius
895 776 979 840 inter
1006 795 1041 840 se
1072 775 1232 840 differant.
1287 776 1385 857 Apud
1415 775 1502 840 hunc
1533 775 1618 840 enim

325 879 497 961 Panyassis
515 884 592 960 post
607 880 837 962 Aegyptiorum
856 879 1081 955 desectionem,
1099 878 1188 958 apud
1202 877 1436 960 Hieronymum
1452 882 1528 943 ante
1545 897 1619 942 eam

327 986 608 1047 commemoratur.
643 983 772 1065 Pugnas
785 983 827 1048 ad
839 982 991 1046 Plataeas
1004 984 1036 1046 et
1047 981 1090 1046 ad
1102 981 1247 1062 Mycalen
1258 981 1447 1046 commissas
1458 980 1619 1062 Aeschylo

325 1090 443 1167 poetae
465 1085 637 1150 Armenius
660 1085 839 1166 anteponit,
861 1084 1076 1166 Hieronymus
1098 1083 1274 1164 postponit.
1308 1082 1407 1164 Apud
1428 1083 1617 1148 Armenium

327 1188 505 1269 Sophocles
537 1192 636 1270 poeta
670 1189 826 1253 exsistens
860 1188 1046 1252 nominatur
1079 1191 1155 1252 ante
1176 1186 1404 1252 Themistoclis
1437 1187 1481 1251 ad
1502 1185 1619 1250 Persas

327 1292 451 1373 fugam,
493 1292 581 1373 apud
613 1291 846 1373 Hieronymum
883 1293 959 1372 post
997 1310 1080 1355 earn.
1135 1289 1366 1371 Aeginetarum
1403 1288 1619 1370 principatum

328 1396 459 1460 ascribit
482 1395 523 1458 ol.
548 1395 599 1458 73.
622 1395 644 1457 4
670 1395 858 1472 Armenius,
889 1394 930 1457 ol.
955 1393 1006 1458 67.
1029 1393 1051 1456 4
1072 1392 1297 1475 Hieronymus.
1341 1394 1390 1457 Ac
1418 1391 1544 1472 saepius
1566 1391 1619 1454 ille

326 1497 434 1562 omisit
461 1517 556 1579 quae,
578 1481 731 1579 quoniam
761 1497 850 1578 apud
879 1496 966 1561 hunc
997 1497 1157 1573 fenmtur,
1192 1496 1281 1577 apud
1310 1496 1415 1577 ipsum
1445 1494 1619 1559 Eusebium

327 1601 467 1665 defuisse
484 1620 556 1665 non
578 1601 711 1681 possint.
757 1601 849 1677 Quae
872 1599 958 1664 enim
980 1599 1195 1681 Hieronymus
1218 1600 1259 1664 de
1282 1598 1419 1676 Gelone,
1450 1599 1491 1663 de
1513 1595 1619 1660 Fabiis

328 1703 450 1781 occisiS,
474 1704 515 1768 de
536 1703 694 1767 Romanis
717 1702 750 1767 in
770 1702 887 1784 Algido
910 1705 1020 1767 monte
1044 1701 1183 1767 obsessis
1205 1722 1245 1767 ac
1266 1701 1419 1778 liberatis
1448 1702 1619 1781 depugna

327 1806 531 1871 Marathonia
553 1805 639 1882 dicit,
662 1805 749 1887 apud
764 1805 956 1869 Armenium
978 1806 1103 1883 desunt,
1127 1825 1225 1887 quern
1244 1825 1284 1870 ea
1301 1807 1456 1886 proptera
1475 1802 1619 1866 omisisse

327 1909 559 1986 existimantes,
583 1908 672 1989 quod
694 1909 781 1989 apud
797 1907 971 1972 Eusebium
991 1908 1087 1973 nimis
1110 1909 1245 1973 confusa
1263 1910 1362 1989 atque
1377 1908 1500 1972 incerta
1516 1908 1618 1980 erant,

326 2011 379 2075 vix
402 2031 555 2076 erremus.

414 2115 506 2193 Quae
534 2135 607 2179 cum
637 2115 682 2179 ita
709 2109 786 2192 sint,
816 2114 924 2178 lacere
947 2114 1079 2178 omnino
1102 2134 1169 2178 non
1190 2133 1378 2195 possumus,
1411 2112 1490 2195 quin
1511 2113 1617 2192 Pany-

328 2218 414 2283 assin
441 2239 461 2282 a
491 2237 551 2282 suo
582 2238 667 2282 anno
696 2221 858 2282 remotum
887 2219 919 2281 et
940 2216 1022 2281 salso
1050 2218 1122 2282 loco
1144 2217 1300 2283 insertum
1323 2237 1393 2281 esse
1415 2215 1617 2280 arbitremur.

326 2320 440 2402 Neque
463 2321 549 2385 eninr
571 2321 645 2385 ideo
668 2323 705 2384 ut
723 2322 800 2384 ante
823 2320 864 2384 ol.
883 2319 924 2384 75
947 2320 1092 2385 floruisse
1111 2321 1274 2385 videretur
1292 2339 1353 2384 nec
1369 2322 1503 2400 propter
1518 2317 1619 2382 ullam

327 2442 396 2486 rem
418 2423 452 2486 in
473 2423 541 2487 vita
562 2422 719 2504 insignem
741 2441 802 2486 nec
822 2442 882 2502 per
897 2422 1177 2504 synchronismum
1200 2423 1350 2487 01774
1372 2421 1530 2503 ascriptus
1547 2440 1618 2484 esse

327 2528 444 2605 potest.
489 2526 536 2589 Ac
559 2525 714 2605 plurimas
736 2544 787 2588 res
810 2525 898 2605 apud
921 2525 1094 2590 Eusebium
1116 2526 1187 2607 ipso
1210 2525 1273 2590 hoc
1300 2526 1373 2590 loco
1396 2524 1502 2589 esuis
1525 2523 1617 2588 annis

327 2630 470 2691 remotas
504 2646 573 2690 esse
606 2626 753 2691 vidimus.
815 2627 879 2705 Qui
908 2648 987 2692 vero
1019 2628 1107 2709 apud
1139 2628 1372 2710 Hieronymum
1405 2630 1479 2709 post
1510 2627 1617 2709 Pany-

327 2731 413 2794 assin
447 2733 755 2807 commemorantur,
797 2731 888 2795 Fabii
921 2731 1016 2795 occisi
1050 2734 1082 2795 et
1114 2730 1254 2795 Romani
1289 2731 1431 2808 liberati,
1469 2731 1547 2794 item
1579 2749 1618 2794 ac

327 2833 497 2916 Panyassis
525 2834 607 2898 falso
634 2833 707 2897 loco
736 2833 848 2898 inserti
875 2853 914 2897 ac
942 2833 1039 2915 longe
1069 2853 1089 2898 a
1117 2835 1181 2898 suis
1204 2834 1296 2898 annis
1318 2833 1433 2898 remoti
1471 2833 1618 2898 videntur

328 2957 407 3001 esse.
453 2936 615 3014 Quoniam
643 2937 738 3018 igitur
768 2956 820 3001 res
851 2938 1032 3018 complures
1055 2938 1172 3002 eodem
1201 2938 1273 3002 loco
1296 2956 1447 3019 perverso
1475 2955 1618 3000 comme-

327 3043 508 3116 morantur,
537 3039 623 3103 hunc
652 3039 760 3103 locum
782 3040 948 3120 quondam
970 3040 1123 3104 idoneum
1145 3039 1242 3104 fuisse
1265 3042 1415 3121 apparet,
1445 3038 1500 3120 qui
1522 3039 1618 3103 rebus

328 3142 558 3222 compleretur,
592 3160 676 3222 quae
710 3141 878 3205 deficiente
908 3142 1013 3223 spatio
1042 3162 1101 3206 suo
1131 3143 1203 3207 loco
1233 3142 1349 3206 ascribi
1377 3160 1445 3206 non
1475 3144 1617 3222 possent.

327 3244 434 3325 Atque
466 3243 551 3307 hanc
585 3245 627 3307 ob
663 3264 792 3308 causam
826 3244 997 3327 Panyassis
1030 3245 1062 3309 in
1095 3246 1136 3308 ol.
1168 3247 1219 3310 77.
1251 3246 1273 3309 4
1307 3245 1384 3325 quin
1416 3245 1536 3309 relatus
1567 3243 1618 3320 sit,

327 3366 394 3410 non
424 3349 473 3411 est
500 3366 556 3410 cur
585 3346 784 3424 dubitemne,
815 3367 888 3411 cum
917 3348 950 3411 in
978 3348 1106 3411 Eusebii
1135 3348 1247 3412 tabula
1276 3347 1449 3430 olympiadi
1481 3347 1521 3412 75
1551 3349 1619 3409 tam

327 3449 430 3512 multa
450 3449 569 3513 fuerint
587 3449 777 3513 ascribenda
795 3454 831 3515 ut
849 3450 997 3515 facillime
1016 3450 1157 3531 spatium
1176 3451 1313 3515 deficere
1329 3453 1448 3532 posset.
1482 3450 1518 3513 ln
1535 3449 1620 3513 hanc

328 3551 413 3614 enirn
436 3551 652 3633 olympiadem
675 3553 804 3630 cadunt,
827 3572 910 3634 quae
934 3555 1229 3618 commemorantur
1251 3553 1292 3618 dc
1314 3553 1450 3618 Athenis
1473 3551 1619 3630 incensis,

329 3654 370 3717 de
403 3654 517 3735 pugnis
551 3654 584 3718 in
613 3654 851 3738 Thermopylis
886 3656 973 3737 apud
1002 3656 1180 3733 Salamina,
1214 3657 1302 3736 apud
1334 3656 1497 3733 Plataeas,
1532 3655 1619 3736 apud

327 3756 471 3838 Mycalen
494 3756 680 3834 commissis,
704 3759 745 3822 de
763 3758 878 3823 Piraeo
900 3759 1035 3835 munito,
1060 3759 1100 3822 de
1116 3758 1267 3832 Hierone,
1291 3759 1332 3822 de
1350 3758 1554 3840 Panyassidc,
1579 3758 1619 3822 de

329 3858 494 3922 Simonide
517 3861 549 3922 et
570 3859 722 3938 Pindaro,
746 3861 787 3925 de
809 3861 950 3926 Pindaro
973 3863 1118 3926 florente.

414 3961 480 4025 Sed
503 3961 583 4025 haec
606 3961 772 4027 hactenus
814 3963 898 4028 Satis
921 3964 1007 4029 euim
1029 3963 1233 4045 perspicuum
1256 3966 1314 4041 est,
1338 3983 1437 4044 quam
1459 3964 1619 4029 immerito

327 4063 513 4146 Hieronymi
544 4067 576 4128 et
607 4066 752 4130 Armenii
778 4066 962 4131 testimonio
993 4066 1074 4130 fides
1104 4065 1216 4130 habita
1244 4065 1299 4143 sit,
1334 4087 1432 4148 quam
1465 4066 1547 4130 falso
1576 4066 1622 4130 illi

328 4166 501 4248 Panyassin
532 4167 572 4230 ol.
602 4169 653 4232 77.
682 4170 703 4231 4
733 4169 945 4249 ascripserint.
1002 4167 1065 4246 Qui
1097 4169 1123 4232 si
1152 4187 1210 4232 suo
1240 4169 1312 4234 loco
1342 4171 1528 4234 reddendus
1560 4173 1619 4246 est,

328 4268 369 4332 ol.
395 4269 445 4332 75.
473 4270 486 4332 l
513 4271 627 4334 ascribi
651 4272 758 4336 debet.

413 4373 619 4437 Postremum
643 4377 692 4437 est
718 4377 755 4438 ut
782 4393 866 4455 quae
890 4375 930 4437 de
952 4373 1160 4456 Panyassidis
1183 4378 1291 4438 aetate
1315 4375 1620 4453 demonstravimus

327 4475 443 4539 Avieni
464 4476 651 4540 testimonio
675 4477 717 4541 ab
741 4476 892 4541 omnibus
916 4477 1023 4540 adhuc
1038 4475 1185 4558 neglecto
1207 4476 1447 4542 consumemus.
1481 4477 1621 4544 ldeuim
