3604 5288
888 296 1098 360 ..pg-

346 464 440 550 r[?]qr
458 467 618 550 ἐλεύθερον
636 468 719 548 εἶναι,
739 458 772 539 ὃς
788 460 823 531 ἂν
838 469 954 532 ταῦτα
971 472 1011 552 μὴ
1029 470 1211 556 παραβαίνῃ,
1229 469 1358 552 κατάπερ
1375 471 1412 533 τὰ
1428 457 1513 554 ὅρκια
1528 460 1638 552 ’ἔταμον

348 571 399 632 καὶ
421 574 462 640 ὡς
483 569 644 654 γέγραπται
666 572 697 636 ἐν
719 574 764 657 τῷ
782 567 981 654 Ἀπολλωνίῳ
984 618 1122 646 .....
1409 555 1414 564 ’

436 673 464 736 7.
498 672 563 736 11119
586 673 712 753 poenis,
735 691 817 754 quas
840 692 939 753 supra
961 672 1111 750 1111119119,
1133 692 1201 738 non
1221 674 1328 738 solum
1348 675 1432 738 cives
1448 674 1562 752 teneri,
1581 674 1640 738 sed

348 775 447 839 9119111
477 775 671 857 Lygdamin,
702 775 729 838 si
758 775 864 856 legem
892 776 1084 857 perturbare
1114 780 1170 840 aut
1198 777 1312 842 tollere
1340 782 1476 842 conatus
1507 777 1639 859 999911)

435 879 560 956 Quibus
589 899 607 942 9
634 878 731 943 rebus
759 898 834 943 cum
860 882 966 943 totam
991 879 1098 960 legem
1121 899 1159 944 99
1182 885 1348 962 spectasse
1371 885 1528 962 appareat
1549 883 1588 944 ut'
1607 880 1639 943 111

348 981 477 1046 91111919
505 982 696 1064 perturbata
724 1001 789 1062 pax
818 986 917 1063 atque
946 985 1061 1046 mutua
1088 982 1208 1047 fiducia
1235 983 1466 1060 restitueretur,
1489 983 1640 1048 facillime

348 1084 552 1165 intellegitur,
582 1085 637 1164 qui
663 1083 733 1148 fieri
760 1085 902 1165 potuerit
923 1087 960 1148 ut
982 1084 1163 1167 Lygdamis,
1192 1105 1266 1150 cum
1288 1085 1406 1150 civium
1428 1087 1580 1150 dominus
1602 1105 1640 1150 99

347 1191 502 1268 tyrannus
533 1189 632 1263 99991,
663 1190 775 1250 tamen
802 1206 869 1250 una
885 1206 973 1251 cum
1001 1187 1063 1250 illis
1092 1188 1198 1268 legem
1228 1188 1333 1266 daret,
1363 1193 1400 1253 ut
1428 1189 1550 1254 civibus
1578 1209 1639 1254 no·

347 1290 525 1355 minaretur
545 1291 759 1372 postpositum
779 1295 816 1354 ut
838 1291 908 1372 ipse
931 1310 966 1355 se
987 1291 1194 1356 iureiurando
1216 1293 1338 1374 pariter
1355 1313 1394 1357 99
1413 1294 1499 1358 91199
1521 1294 1639 1358 astrin-

347 1396 446 1474 geret.
481 1393 671 1475 Lygdamidi
693 1393 780 1457 enim
800 1397 837 1457 ut
858 1413 925 1457 una
948 1413 1022 1456 cum
1044 1393 1167 1457 civibus
1190 1393 1231 1457 de
1254 1395 1353 1461 rebus
1375 1396 1513 1460 civitatis
1534 1396 1640 1476 legem

348 1495 440 1560 daret
472 1495 668 1576 permissum
697 1515 769 1560 esse
798 1515 866 1560 non
894 1499 1037 1577 poterat,
1067 1495 1129 1560 nisi
1162 1497 1300 1561 civitatis
1333 1499 1448 1563 fuisset
1479 1499 1639 1564 dominus.

347 1597 415 1662 Nec
443 1597 547 1678 magis
577 1597 663 1661 cives
692 1616 768 1661 cum
796 1597 993 1680 Lygdamide
1022 1597 1127 1679 legem
1157 1599 1198 1664 de
1226 1600 1292 1664 suis
1319 1602 1417 1666 rebus
1445 1621 1640 1684 componere

347 1703 525 1782 potuerunt
547 1700 609 1763 nisi
626 1699 783 1781 potestati
802 1700 870 1764 eius
891 1700 1034 1765 subiecti.
1068 1701 1112 1764 Ut
1130 1702 1226 1783 igitur
1243 1702 1322 1784 legis
1341 1703 1495 1770 ferendae
1513 1709 1640 1787 partem

348 1807 502 1884 caperent
532 1807 564 1868 et
593 1803 768 1884 antepositi
796 1804 1052 1882 nominarentur,
1083 1805 1205 1870 facturn
1235 1826 1305 1870 esse
1338 1826 1406 1873 non
1438 1811 1548 1889 potest
1579 1807 1641 1872 nisi

348 1906 449 1987 ipsius
477 1906 606 1988 tyranni
634 1905 811 1983 voluntate,
842 1907 898 1988 qui
926 1906 1085 1972 libertatis
1115 1908 1223 1989 specie
1249 1909 1327 1973 ficta
1354 1910 1439 1974 91199
1466 1910 1510 1974 ad
1536 1910 1640 1991 legem

348 2008 518 2072 ferendam
545 2008 619 2072 ideo
642 2027 840 2072 convocasse
865 2009 1031 2090 putandus
1059 2013 1108 2074 991
1135 2014 1171 2074 ut
1193 2009 1254 2092 ipsi
1277 2031 1312 2076 se
1334 2013 1377 2076 ad
1399 2012 1504 2094 legem
1527 2013 1639 2077 ohser-

347 2112 491 2176 vandam
514 2131 573 2176 sua
595 2115 712 2192 sponte
735 2111 958 2192 astringerent.
1002 2111 1211 2177 iureiurando
1234 2118 1345 2180 autem
1371 2115 1441 2196 ipse
1463 2135 1498 2178 99
1520 2115 1641 2196 pariter

348 2235 386 2279 ac
408 2215 493 2279 cives
516 2215 663 2279 astrinxit
685 2233 794 2278 rerum
812 2215 1005 2279 necessitate
1025 2219 1165 2294 coactus,
1189 2236 1263 2280 cum
1280 2217 1372 2281 aliter
1388 2221 1502 2282 mutua
1523 2217 1641 2282 fiducia

347 2317 472 2382 restitui
500 2336 567 2381 non
595 2320 717 2398 posset.
768 2317 893 2393 Quodsi
921 2317 1008 2380 91199
1036 2317 1069 2380 19
1096 2319 1225 2398 tyranni
1251 2323 1414 2399 potestate
1443 2323 1544 2399 eraut,
1566 2321 1641 2386 huic

348 2421 504 2502 anteponi
519 2420 607 2483 nullo
623 2419 686 2483 alio
703 2419 836 2482 consilio
850 2422 1026 2499 potuerunt
1038 2420 1101 2483 nisi
1116 2424 1152 2484 ut
1171 2422 1288 2486 civium
1303 2423 1479 2488 liberorum
1499 2424 1639 2505 speciem

347 2523 518 2599 haherent,
538 2541 622 2602 quae
641 2521 765 2602 species
783 2539 843 2601 pro
858 2541 967 2586 rerum
983 2523 1172 2588 condicione
1190 2524 1343 2605 fingenda
1357 2529 1435 2590 erat.
1468 2526 1538 2590 Nisi
1554 2527 1640 2591 enim

348 2645 408 2690 sua
430 2627 547 2706 sponte
570 2624 655 2688 cives
676 2623 782 2704 legem
804 2623 956 2701 tulerunt,
978 2625 1157 2706 periculum
1181 2631 1313 2692 eratne
1336 2629 1378 2692 ab
1409 2629 1448 2693 iis
1470 2630 1522 2694 lex
1544 2631 1638 2694 tolle-

347 2732 445 2806 retur,
463 2747 563 2808 quam
580 2726 707 2810 tyranni
717 2727 890 2807 potestatis
902 2728 1098 2792 muniendae
1110 2748 1149 2792 99
1166 2729 1408 2796 confirmandae
1425 2751 1523 2798 causa
1539 2733 1640 2798 latam

347 2831 490 2895 iudicare
502 2829 668 2894 debemus.
692 2829 805 2910 Itaque
818 2833 955 2910 tyranno
967 2831 1230 2911 prospiciendum
1242 2838 1321 2911 9191,
1334 2838 1370 2898 ut
1381 2835 1413 2899 in
1424 2836 1495 2916 lege
1506 2835 1640 2901 ferenda

348 2935 433 2998 cives
463 2953 531 2997 non
553 2932 660 2997 solum
680 2933 783 2996 libero
807 2933 940 2997 arbitrio
962 2936 1140 3012 uterentur,
1171 2935 1230 2998 sed
1251 2937 1301 2999 usi
1325 2937 1424 3001 ctiam
1440 2938 1640 3002 ¹viderentur.

435 3036 599 3113 Quoniam
627 3035 722 3116 igitur
749 3035 850 3116 ipsius
878 3036 958 3116 legis
985 3041 1105 3100 natura
1131 3038 1296 3118 postulare
1323 3040 1419 3104 nobis
1446 3041 1583 3117 videtur,
1605 3045 1641 3105 ut

347 3139 524 3222 Lygdamin
553 3157 613 3218 pro
643 3138 779 3201 civitatis
807 3139 940 3202 domino
967 3139 1158 3217 habeamus,
1182 3141 1232 3204 cui
1254 3141 1414 3223 integrum
1435 3143 1532 3208 fuerit
1553 3143 1640 3224 leges

348 3243 427 3307 dare
455 3241 577 3304 civibus
606 3243 639 3305 ct
667 3239 820 3304 adhibitis
849 3245 882 3305 et
907 3240 1071 3321 neglectis,
1100 3262 1175 3306 eum
1200 3243 1233 3307 in
1259 3244 1420 3310 laterculis
1446 3247 1641 3311 tributorum

347 3345 601 3409 Atheniensibus
634 3343 871 3407 nominandum
903 3344 1013 3422 fuisse,
1047 3345 1074 3408 91
1107 3365 1194 3410 anno
1223 3346 1287 3410 149
1321 3347 1453 3412 demum
1487 3351 1639 3432 expulsus

348 3451 443 3524 esset,
462 3451 621 3511 tenemus.
656 3446 769 3527 Itaque
788 3466 862 3510 cum
881 3447 1092 3526 Kirchholfio,
1111 3449 1172 3512 9191
1190 3449 1368 3530 Lygdamin
1386 3452 1452 3516 iam
1471 3453 1640 3534 expulsum

347 3551 462 3628 fuisse,
493 3569 567 3614 cum
589 3550 643 3613 illa
665 3550 717 3613 lex
738 3550 844 3627 fieret,
868 3569 935 3614 non
957 3555 1043 3615 recte
1066 3551 1225 3624 iudicasse
1247 3553 1342 3616 nobis
1364 3554 1506 3632 videtur,
1528 3561 1640 3620 tamen

346 3654 381 3716 in
403 3671 442 3716 eo
467 3652 686 3716 consentimus
708 3655 743 3716 ut
765 3653 943 3734 Lygdamin
965 3654 1075 3735 paullo
1099 3658 1174 3718 ante
1198 3655 1239 3717 ol.
1264 3656 1314 3718 81.
1339 3657 1358 3719 3
1381 3660 1414 3721 et
1436 3657 1639 3722 dominatum

347 3755 512 3836 accepisse
535 3758 567 3818 91
589 3754 760 3836 expulsum
782 3775 854 3818 9999
875 3756 1078 3821 arbitremur.

433 3857 546 3937 Neque
580 3877 656 3920 1919
693 3858 864 3934 habemus
898 3877 954 3921 cur
982 3859 1155 3940 posteriori
1187 3861 1327 3942 tempori
1356 3861 1437 3926 haec
1464 3867 1639 3945 propterea

347 3960 572 4036 attribuamus
601 3961 690 4041 quod
712 3961 833 4026 Suidae
861 3961 902 4024 de
924 3961 1119 4026 Pisindelide
1142 3965 1175 4026 et
1196 3963 1393 4043 Lygdamide
1415 3965 1638 4030 testimonium

347 4065 534 4144 suspectum
565 4063 615 4128 sit.
667 4063 770 4127 Huius
802 4064 889 4128 enim
927 4065 1119 4145 suspicionis
1153 4084 1238 4146 quae
1279 4070 1470 4146 argumenta
1509 4069 1637 4149 prolata

347 4168 432 4240 sunt,
455 4166 564 4230 omnia
585 4165 662 4230 reici
685 4167 815 4231 debent.
860 4167 1041 4231 Audiamus
1063 4169 1168 4249 igitur,
1192 4188 1276 4249 quae
1297 4170 1426 4250 prolata
1449 4168 1553 4254 sint.²)

435 4317 455 4384 ¹)
482 4318 554 4384 Quin
571 4319 639 4374 haec
657 4336 706 4386 199,
726 4321 776 4374 9191
793 4320 859 4389 ipsis
877 4321 966 4375 verbis
982 4322 1106 4376 1111911991
1123 4338 1181 4376 non
1198 4322 1302 4386 dicitur,
1320 4324 1400 4393 louge
1418 4325 1538 4378 maxima
1556 4326 1638 4379 totius

345 4403 411 4471 lepis
427 4405 517 4468 luerit,
543 4422 599 4458 non
618 4406 730 4460 dubium
752 4407 819 4460 mihi
843 4407 960 4471 ridetur,
986 4425 1143 4476 quanquam
1162 4410 1251 4464 adhuc
1268 4411 1348 4478 longe
1366 4410 1443 4464 aliter
1459 4409 1636 4465 indicabatur.

431 4489 454 4556 ²)
480 4491 513 4544 cl.
532 4491 583 4544 Ad.
598 4491 695 4556 Bauer,
714 4491 849 4546 Herodoto
864 4492 1035 4561 Biographie.
1054 4494 1129 4558 1878,
1147 4511 1174 4562 p.
1191 4495 1230 4549 15.
1257 4495 1337 4560 Hohl,
1354 4495 1448 4550 Philol.
1465 4497 1540 4562 1889,
1559 4514 1585 4565 p.
1594 4498 1635 4550 68.
