3604 5288
720 316 1043 412 --rr-¹

178 489 388 571 corriguntur,
412 509 486 554 cum
508 488 572 553 alia
593 487 809 552 videturesse
826 485 944 567 potior.
984 485 1177 552 Plutarchus
1195 487 1291 568 igitur
1308 487 1472 568 scripserit

177 593 267 658 illum
301 593 421 656 librum
455 611 498 656 an
534 591 630 669 aliua,
668 591 701 654 in
729 589 791 654 hac
819 609 854 654 re
882 589 953 654 sine
978 589 1044 653 ullo
1074 589 1283 654 incommodo
1313 589 1472 655 incertum

177 695 376 776 relinquitur.
411 694 543 759 Certum
555 692 688 775 quidem
700 697 925 774 argumentum
942 692 985 756 ad
1003 691 1088 771 hanc
1102 692 1327 773 quaestionem
1344 692 1472 773 discep-

177 798 312 863 tandam
335 818 374 863 ex
395 798 444 874 iis,
468 815 552 878 quae
567 797 760 860 Plutarchus
784 796 825 860 de
847 794 1007 877 prooemii
1023 795 1202 886 Herodotei
1223 794 1361 859 lectione
1384 794 1472 871 dicit,

178 901 262 964 sumi
283 921 351 966 non
373 904 492 982 potest.

264 1003 354 1082 Quos
376 1002 626 1067 Halicarnasseo
654 991 836 1082 cognomen
857 1001 1026 1065 Herodoto
1048 1001 1178 1065 dedisse
1202 1001 1330 1078 scImus,
1358 1020 1473 1065 eorum

176 1107 272 1188 primi
301 1110 376 1170 sunt
403 1104 605 1184 Pergameni.
667 1103 704 1167 In
733 1103 893 1168 Herodoti
928 1104 1015 1168 enim
1050 1106 1158 1168 statua
1188 1104 1339 1185 Pergami
1368 1123 1474 1185 nuper

176 1213 315 1291 reperta,
348 1209 404 1272 ubi
436 1206 604 1288 quondam
630 1206 664 1270 in
685 1206 883 1271 bibliotheca
906 1206 1064 1271 collocata
1087 1210 1166 1283 erat,
1196 1207 1298 1272 verba
1318 1207 1474 1288 inscripta

177 1313 326 1393 legrmtur
351 1308 516 1396 Ἡρόδοτος
534 1306 797 1393 <Αλικοιρνασσεύς,
821 1330 905 1392 quae
931 1329 1044 1391 regum
1064 1309 1341 1390 Pergamenorum
1363 1313 1472 1374 aetate

179 1417 267 1498 (ante
291 1415 352 1478 133
375 1433 404 1477 a.
428 1413 516 1497 Chr.)
548 1413 703 1493 inscripta
733 1433 804 1477 esse
836 1413 1003 1477 literarum
1034 1411 1140 1477 torma
1173 1413 1346 1497 constat.¹)
1401 1413 1474 1478 Hoc

178 1522 288 1582 autem
310 1516 501 1598 cognomine
520 1516 739 1596 Pergamenos
755 1516 810 1580 illo
829 1519 977 1597 tempore
998 1535 1076 1580 usos
1100 1535 1181 1592 esse,
1204 1534 1271 1578 non
1293 1516 1383 1596 quod
1405 1516 1472 1580 usi·

179 1623 283 1684 tatum
311 1621 406 1696 esset,
435 1618 494 1682 sed
521 1637 587 1698 quo
613 1637 724 1683 veram
751 1618 911 1683 Herodoti
938 1618 1079 1700 patriam
1109 1618 1335 1699 significarent,
1365 1619 1471 1684 mani·

177 1723 296 1787 festum
325 1725 383 1786 est.
427 1721 512 1785 Nam
540 1740 653 1785 eorum
675 1722 873 1799 testimonia,
903 1722 959 1804 qui
981 1720 1014 1784 id
1035 1721 1192 1785 usitatum
1213 1720 1313 1784 fuisse
1340 1724 1472 1802 negant,

175 1825 246 1888 solo
263 1826 327 1889 hoc
343 1824 492 1906 exemplo
511 1844 578 1888 non
595 1825 787 1901 refutantur,
807 1824 896 1906 quod
909 1825 1010 1888 immo
1023 1843 1062 1888 ex
1078 1823 1140 1888 illis
1155 1823 1349 1890 testimoniis
1362 1825 1472 1890 existi-

176 1928 332 1991 mandum
351 1930 409 1991 est.
435 1926 538 2004 Alter,
557 1928 645 2008 quod
662 1928 813 2003 sciamus,
832 1927 1038 1991 Herodotum
1054 1927 1339 1991 Halicamasseum
1357 1928 1471 2009 appel·

176 2030 253 2093 lavit
263 2030 445 2110 Dionysius,
463 2029 514 2091 cui
530 2029 591 2110 ipsi
611 2049 741 2110 quoque
756 2029 1038 2094 Halicamassensi
1054 2049 1236 2109 cognomen
1254 2034 1312 2094 est.
1335 2030 1383 2094 Ac
1395 2033 1472 2112 post

120 2133 124 2144 “
177 2133 263 2196 hunc
290 2131 419 2212 saepius
448 2131 482 2194 id
513 2131 682 2195 Herodoto
711 2132 850 2195 inditum
884 2132 1053 2195 invenitur.
1099 2132 1191 2209 Quae
1213 2153 1265 2198 res
1288 2133 1472 2198 necessaria

178 2238 256 2310 erat,
288 2233 315 2296 si
346 2234 515 2313 prooemii
533 2233 712 2298 Herodotei
738 2235 840 2300 verba
863 2230 1030 2319 Ἡρόδοτος
1059 2234 1310 2320 Ἁλικαρνασσεύς
1333 2235 1473 2315 genuina

176 2336 385 2417 putabantur.
424 2336 519 2401 Hanc
539 2340 650 2402 autem
673 2339 848 2403 multorum
865 2338 1054 2419 opinionem
1070 2338 1170 2402 fuisse
1190 2342 1328 2421 oportet,
1350 2337 1384 2401 in
1407 2357 1472 2418 qua

176 2459 243 2503 non
266 2440 370 2504 solum
390 2439 610 2518 Plutarchum,
633 2441 691 2504 sed
714 2442 814 2505 etiam
833 2461 909 2506 eum
925 2442 1025 2506 fuisse
1047 2441 1198 2519 sciamuS,
1221 2440 1276 2522 qui
1294 2441 1413 2504 librum
1430 2441 1472 2505 de

175 2543 309 2607 Homeri
338 2562 455 2624 genere
484 2547 516 2607 et
545 2543 612 2607 vita
633 2543 823 2625 inscriptum
844 2544 1015 2608 Herodoto
1043 2545 1223 2626 supposuit.
1267 2543 1363 2607 Hunc
1385 2543 1472 2608 enim

175 2645 459 2710 Halicamasseum
471 2645 646 2728 appellant
657 2647 827 2728 prooemio
839 2647 915 2711 licto
925 2647 998 2711 libri
1006 2647 1184 2711 Herodotei
1193 2646 1320 2710 initium
1329 2647 1470 2711 imitans

262 2749 328 2813 Sed
350 2750 498 2830 quamvis
525 2749 588 2813 hoc
611 2768 793 2829 cognomen
814 2769 876 2813 usu
897 2750 1103 2830 reciperetur,
1132 2754 1245 2813 tamen
1271 2749 1409 2813 alterum
1431 2768 1471 2812 ex

175 2870 236 2915 usu
257 2852 417 2914 removeri
438 2871 506 2915 non
535 2854 675 2931 poterat,
707 2852 785 2914 dum
812 2853 884 2931 ipso
906 2850 1066 2915 Herodoti
1095 2851 1177 2915 libro
1205 2851 1469 2932 pervulgabatur.

177 2952 275 3029 Quod
297 2953 396 3017 etiarn
418 2952 623 3033 imperatoris
646 2952 762 3016 Juliani
784 2952 985 3033 temporibus
1008 2957 1077 3017 tam
1099 2953 1255 3018 usitatum
1277 2953 1347 3030 fuit,
1370 2957 1406 3017 ut
1428 2953 1471 3018 ad

176 3053 334 3119 Herodoti
359 3073 480 3118 nomen
505 3053 751 3134 significandum
774 3055 947 3121 sufficeret.
992 3056 1065 3137 lpse
1087 3056 1175 3120 enim
1196 3055 1341 3120 Julianus
1362 3055 1469 3120 Hero·

177 3158 290 3222 dotum
312 3158 363 3222 bis
385 3158 456 3221 sola
477 3156 696 3238 appellatione
718 3157 902 3222 fabularum
922 3159 1086 3240 scriptoris
1102 3159 1215 3224 Thurii
1232 3156 1469 3241 significavit.²)

263 3261 426 3338 Quoniam
448 3261 543 3342 igitur
564 3265 712 3325 veterum
733 3261 1019 3342 grammaticorum
1040 3262 1162 3326 nemini
1184 3262 1303 3326 mirum
1323 3281 1471 3343 unquam

175 3363 276 3428 rideri
301 3363 417 3444 potuit,
448 3363 475 3428 si
496 3363 593 3427 Duris
614 3362 819 3428 Herodotum
846 3363 1044 3446 appellasset
1066 3364 1234 3443 Thurium,
1264 3385 1397 3432 necesse
1421 3368 1471 3429 est

264 3566 285 3635 ¹)
313 3568 353 3624 Cf.
370 3569 533 3624 Altcrtumer
558 3586 612 3623 ron
630 3569 781 3638 Pergamon
801 3569 871 3624 VIII.
892 3571 904 3622 1
931 3569 985 3635 (die
1001 3570 1163 3625 Inschrilten
1186 3587 1240 3624 von
1258 3570 1410 3638 Pergamon
1428 3571 1470 3626 ed.

175 3653 236 3708 ldax
250 3653 374 3721 Frtnlrel)
392 3670 418 3723 p,
431 3655 487 3708 118.
506 3655 556 3710 No.
568 3656 625 3708 199.
647 3653 812 3727 ίΗρόδοτο[ς]
827 3652 1075 3724 Ἀλικαρνασσ[ιύς].
1103 3656 1136 3709 cf.
1149 3672 1177 3724 p.
1187 3656 1244 3722 117,
1258 3656 1469 3712 N0.198-903:

174 3738 259 3792 Untcr
285 3739 376 3792 diesen
399 3739 548 3795 Nummem
575 3742 635 3795 sind
658 3742 739 3794 Reste
763 3757 819 3794 ron
842 3742 1040 3795 Statuenbasen
1067 3742 1340 3810 zusammengestellt,
1368 3742 1470 3796 welche

173 3825 373 3880 unzweilelhalt
397 3827 444 3880 der
466 3826 706 3894 pergamenischen
724 3826 878 3880 Bibliothelr
901 3827 1075 3895 angehbrten.
1111 3827 1169 3895 Vgl.
1188 3826 1283 3891 Conze,
1301 3826 1425 3881 Berichte
1443 3827 1468 3880 d.

173 3910 242 3963 Berl.
260 3911 346 3964 Akad.
367 3911 447 3976 1884,
466 3913 492 3965 S.
514 3912 594 3976 1261,
612 3912 776 3966 Altertttmer
792 3928 818 3965 v.
838 3911 988 3980 Pergamon
1006 3913 1045 3976 II,
1064 3913 1090 3966 S.
1109 3911 1151 3965 68.
1171 3940 1200 3949 -
1221 3913 1260 3965 De
1279 3917 1366 3966 aetate
1385 3913 1468 3966 affero

175 3993 265 4048 Conzii
282 3996 366 4049 verba
385 3995 487 4064 (Jahrb.
507 3997 531 4050 d.
548 3998 578 4050 K.
594 3997 698 4051 Preuss
714 3997 991 4066 Kunstsammlungen
1008 3995 1057 4051 Ill.
1085 3997 1172 4050 Berol.
1189 3997 1263 4056 1882.
1282 4014 1308 4065 p.
1323 3997 1365 4050 86.
1395 3999 1469 4064 ,Dcn

174 4079 356 4147 Schriftzugen
371 4083 442 4138 nach
455 4083 556 4138 rubren
569 4083 607 4138 sIe
623 4084 675 4136 alle
690 4099 739 4138 aus
752 4084 799 4140 der
812 4082 966 4150 Konigszeit
983 4083 1054 4138 her.“
1084 4083 1137 4150 Qui
1154 4083 1231 4138 locus
1248 4087 1289 4138 est
1306 4083 1339 4136 de
1356 4082 1468 4152 inscrip·
1581 4101 1585 4111 ·

172 4163 299 4230 tionibus,
318 4180 434 4232 quarum
451 4168 480 4220 in
498 4185 611 4222 numero
629 4169 698 4224 haec
716 4174 764 4234 est,
783 4185 854 4237 quae
872 4170 907 4224 ad
925 4169 1094 4224 Herodotum
1111 4168 1236 4236 pertinet.
1254 4196 1288 4204 -
1306 4168 1345 4222 De
1363 4173 1422 4224 tota
1439 4184 1469 4221 re

174 4248 206 4302 cl.
225 4265 264 4312 ea,
285 4265 355 4318 quae
372 4250 444 4303 intra
461 4251 586 4307 dicuntur
604 4271 631 4322 p.
649 4255 691 4308 54.

261 4333 282 4402 2)
309 4333 407 4390 Julian.
426 4335 548 4404 Apostat.
585 4338 612 4405 a)
634 4339 717 4407 Epist.
735 4341 776 4398 11,
805 4339 970 4409 clepunt<
995 4338 1132 4410 ὁΘοόριος
1155 4334 1212 4391 dm
1230 4337 1299 4390 εἶπεν
1322 4337 1468 4405 ἀνθρώπως

174 4419 316 4490 ὀφθαλμῶν
330 4422 490 4491 ἀπιστότερα,
510 4424 542 4475 cf.
557 4423 655 4477 Herod.
674 4424 695 4476 Ι.
713 4426 737 4477 8.
757 4426 787 4493 b)
806 4427 879 4480 Suid.
895 4443 916 4479 s.
932 4442 957 4479 v.
971 4423 1128 4494 Ἦρόδοτοςτ
1148 4424 1172 4477 ri
1185 4443 1221 4495 τῳ
1236 4423 1322 4484 πιστὸς
1338 4422 1468 4493 ὁθοὺριος

174 4505 239 4558 εἶναι
257 4506 390 4575 λογοποιὸς
408 4507 486 4562 δοκεῖ.

1206 4596 1222 4648 d
