3604 5288
887 256 1098 319 -qg-

433 428 523 493 Haec
540 428 731 494 Kirohhoiiii
754 431 803 493 est
825 425 997 503 sententia,
1020 446 1105 507 quae
1126 445 1188 490 nec
1209 425 1372 490 reicienda
1394 424 1489 488 nobis
1512 422 1638 487 videtur

347 552 420 596 esse
448 551 508 595 nec
546 531 688 596 refutata
718 528 879 614 Busoltil)
917 528 1113 610 argumentis
1148 528 1296 594 arbitrati
1331 526 1510 608 Lygdamin
1550 545 1637 590 anno

348 635 480 699 demum
502 634 566 697 449
590 634 645 718 (=
668 633 710 697 ol.
733 633 785 696 81.
808 631 842 714 4)
866 631 1035 713 expulsum
1065 651 1147 696 esse.
1198 631 1284 695 Nam
1307 630 1470 695 civitatem
1491 628 1637 692 Halicar-

342 757 500 802 nasseam
527 738 561 801 in
587 736 689 801 titulis
710 735 906 799 tributorum
928 734 1134 816 Lygdamidis
1163 735 1297 798 nomine
1327 732 1449 797 omisso
1478 731 1639 795 nominari
1765 801 1766 810 ἦ

346 840 493 922 potuisse
530 840 629 904 etiam
665 842 764 903 antea
793 857 892 918 quam
921 837 1093 918 Lygdamis
1124 837 1276 918 expulsus
1307 839 1403 912 esset,
1433 834 1554 916 quippe
1582 834 1639 915 qui

346 942 440 1007 titulo
457 938 743 1020 Halicarnasse02)
761 960 796 1004 se
817 940 974 1004 indicaret
989 959 1056 1004 non
1073 940 1209 1004 civitatis
1225 944 1398 1021 tyrannum
1409 957 1448 1002 ao
1460 937 1637 1014 dominum,

348 1045 406 1109 sed
429 1045 601 1127 dynastam
622 1047 787 1125 potestate
809 1042 1074 1124 circumscripta..
1103 1044 1223 1125 Legem
1247 1043 1333 1107 enim
1355 1041 1388 1105 in
1411 1040 1466 1105 illo
1488 1040 1581 1104 titulo
1604 1060 1639 1104 se

346 1148 505 1229 praebere
532 1147 669 1211 civitatis
698 1146 865 1210 dominam
893 1148 926 1208 et
947 1145 1156 1226 magistratus
1179 1164 1357 1227 eponymos
1380 1143 1638 1208 commemorari.

347 1251 396 1314 Ao
417 1250 525 1330 priore
547 1249 619 1313 loeo
642 1268 710 1312 non
731 1247 910 1330 Lygdamin
931 1247 1104 1324 nominari,
1128 1249 1187 1312 sed
1209 1249 1399 1312 concionem
1428 1247 1554 1311 civium.

435 1369 501 1434 Sed
529 1369 625 1433 nimis
655 1368 775 1433 multas
806 1386 845 1431 ac
873 1386 1009 1448 magnas
1040 1367 1259 1431 dubitationes
1287 1368 1373 1456 haeq
1400 1367 1509 1450 opinio
1540 1366 1640 1431 habet

349 1492 448 1555 quam
479 1475 516 1535 ut
549 1471 682 1553 probari
714 1469 828 1550 possit.
880 1469 1068 1550 Tyrannum
1102 1470 1188 1534 enim
1221 1469 1439 1535 Halieumassi
1461 1470 1639 1552 Lygdamin

348 1575 447 1638 fuisse
481 1573 599 1639 Suidas
631 1575 682 1636 ter
691 1570 719 1656 ³)
754 1571 839 1636 dicit.
895 1570 993 1636 Cuius
1026 1572 1262 1650 testimonium,
1296 1574 1385 1654 quod
1418 1573 1507 1637 nullo
1541 1573 1640 1637 modo

349 1681 535 1758 suspectum
566 1679 599 1740 et
628 1676 662 1740 in
692 1678 824 1740 auctore
854 1674 978 1755 optimo
1005 1674 1148 1755 positum
1170 1675 1255 1739 infra
1284 1676 1477 1754 videbimus
1507 1678 1641 1757 propter

349 1780 631 1844 ratiocinationem
656 1778 813 1842 incertam
835 1776 962 1858 neglegi
983 1796 1050 1841 non
1073 1777 1180 1841 debet.
1225 1778 1403 1860 Lygdamin
1423 1780 1511 1842 enim
1534 1779 1639 1843 domi-

348 1887 464 1947 natum
492 1902 560 1946 non
589 1881 744 1947 habuisse
767 1901 806 1945 ex
835 1899 892 1956 eo,
923 1880 1012 1961 quod
1041 1879 1075 1942 in
1103 1867 1174 1962 leg'e
1203 1881 1257 1944 illo
1286 1880 1380 1946 titulo
1412 1882 1533 1946 tradita
1564 1881 1640 1945 eivi-

349 1987 411 2049 bus
441 1985 643 2067 postpositus
670 1984 856 2048 nominattu‘
891 1986 923 2046 et
954 2003 1021 2046 una
1051 2002 1124 2047 oum
1154 1983 1205 2048 his
1233 1984 1340 2065 legem
1368 1985 1572 2049 constituisse
1604 2004 1642 2048 ao

349 2087 555 2152 iureiurando
591 2088 669 2152 dato
701 2083 883 2168 sanxisset)
914 2084 1043 2162 dicitur,
1064 2105 1139 2150 non
1172 2088 1356 2152 necessario
1390 2087 1536 2152 efficitur.
1592 2087 1641 2151 Ac

349 2211 558 2273 nequaquam
581 2211 633 2256 res
663 2189 842 2271 expeditur,
875 2187 902 2251 si
923 2187 1105 2269 LygdamiS,
1136 2190 1224 2271 quod
1254 2191 1405 2255 dominus
1427 2190 1505 2254 illud
1526 2190 1642 2255 fecisse

348 2314 415 2359 non
448 2294 604 2374 potuerit,
639 2293 673 2357 id
703 2293 818 2357 fecisse
853 2295 986 2372 putatur
1017 2291 1170 2372 dynastes
1198 2297 1362 2376 potestate
1384 2293 1641 2375 circumscripta.

349 2397 398 2460 lta
428 2396 516 2460 enim
545 2400 672 2459 mutata
701 2415 753 2459 res
784 2394 891 2457 nihilo
915 2394 1022 2457 minus
1050 2414 1151 2474 quam
1180 2399 1277 2460 antea
1306 2396 1462 2460 mirabilis
1492 2400 1552 2473 est,
1583 2396 1642 2460 sed

350 2498 449 2562 etiam
472 2498 648 2562 mirabilior
670 2501 702 2560 et
725 2496 902 2560 obscurior.
935 2495 984 2559 De
1006 2496 1144 2578 dynasta
1167 2497 1298 2578 quidem
1321 2500 1464 2563 maxima
1483 2499 1642 2564 dubitatio

351 2620 422 2664 esse
445 2600 554 2677 debet,
576 2600 632 2681 qui
654 2620 709 2664 our
731 2600 820 2663 illam
841 2599 947 2680 legem
968 2618 1035 2662 una
1057 2618 1131 2663 cum
1148 2600 1269 2664 civibus
1288 2601 1423 2679 dederit,
1445 2622 1502 2666 cur
1520 2602 1642 2666 civibus

348 2703 535 2766 nominetur
551 2702 763 2783 postpositus,
787 2721 843 2766 our
859 2701 1066 2766 iureiurando
1084 2722 1119 2766 se
1136 2703 1328 2780 astrinxerit,
1351 2724 1418 2768 non
1436 2704 1641 2786 intellegitur,

350 2806 378 2868 si
399 2805 640 2870 Halicarnassei
663 2805 818 2887 dynastae
840 2805 996 2886 potestati
1018 2805 1064 2869 ita
1086 2805 1223 2870 subiecti
1245 2808 1347 2883 erant,
1370 2811 1405 2871 ut
1427 2807 1494 2871 suis
1515 2807 1642 2888 legibus

350 2908 481 2989 suisque
497 2907 620 2970 iuribus
637 2910 814 2971 uterentur.
849 2907 1039 2972 Kirchhoffii
1059 2909 1145 2972 enim
1167 2907 1211 2991 (p.
1225 2909 1254 2971 7.
1277 2909 1317 2972 10
1327 2909 1425 2987 Ann.)
1449 2909 1568 2992 opinio,
1587 2910 1644 2990 qui

349 3009 528 3090 Lygdamin
544 3009 610 3072 iarn
623 3010 792 3090 expulsum
804 3030 882 3074 eum
894 3010 1025 3088 civibus
1043 3013 1080 3074 ut
1097 3029 1230 3074 suorum
1245 3031 1298 3074 res
1310 3013 1398 3094 apud
1415 3031 1471 3077 eos
1488 3015 1641 3090 tueretur,

351 3111 436 3175 hane
450 3111 556 3191 legem
570 3111 776 3174 constituisse
792 3113 976 3188 arbitratur,
995 3133 1111 3193 parum
1126 3114 1304 3194 probabilis
1319 3119 1377 3191 est,
1398 3115 1474 3195 quia
1487 3120 1643 3197 tyrannus

352 3213 504 3294 expulsus
537 3212 625 3293 apud
648 3213 748 3290 rivae,
775 3234 796 3277 a
818 3215 935 3295 quibus
958 3215 1057 3278 modo
1081 3215 1202 3281 eiectus
1221 3218 1279 3294 sit,
1309 3217 1388 3282 nihil
1415 3217 1524 3281 valere
1547 3217 1640 3281 solet.

350 3316 437 3379 Num
457 3334 544 3393 vero,
568 3335 633 3396 qua
663 3315 696 3378 in
725 3316 806 3380 urbe
834 3321 987 3398 prytanes
1015 3318 1144 3383 fuerunt
1172 3321 1336 3401 eponymi,
1368 3320 1402 3382 in
1430 3339 1469 3383 ea
1491 3319 1643 3383 dominus

352 3437 424 3481 esse
454 3437 521 3481 non
549 3418 702 3500 potuerit,
732 3418 882 3484 dubitare
912 3419 995 3485 licet.
1046 3421 1159 3503 Neque
1188 3422 1360 3486 verisimile
1391 3425 1440 3486 est
1470 3423 1642 3504 dynastam

352 3520 384 3583 in
412 3520 537 3601 legibus
565 3520 701 3584 civitatis
723 3522 943 3599 nominatum,
974 3524 1006 3586 in
1035 3524 1135 3588 titulis
1161 3525 1357 3589 tributorum
1379 3525 1537 3589 omissum
1560 3543 1641 3588 esse.

437 3638 541 3702 Aliter
569 3659 622 3704 res
652 3660 687 3703 se
715 3640 825 3718 habet,
856 3642 883 3705 si
910 3642 1088 3724 Lygdamin
1111 3664 1185 3708 oum
1207 3645 1240 3708 in
1262 3645 1315 3709 illo
1338 3646 1432 3710 titulo
1455 3645 1642 3710 nominatus

353 3745 412 3817 est,
434 3739 757 3807 Halioamasseorum
783 3748 815 3809 et
838 3744 1087 3810 Salmacitarum
1106 3751 1278 3828 tyrannum
1297 3768 1335 3812 ac
1353 3748 1522 3813 dominum
1544 3747 1643 3811 fuisse

352 3827 555 3891 arbitramur.
597 3825 688 3903 Quae
711 3830 820 3911 opinio
844 3849 918 3895 oum
939 3832 1033 3896 titulo
1055 3837 1168 3896 nostro
1192 3834 1314 3914 optime
1337 3835 1495 3898 convenit.

441 4082 462 4149 l)
490 4084 592 4138 Grieeh.
612 4083 707 4138 Geseh.
725 4087 759 4152 11,
777 4103 803 4154 p.
822 4088 864 4140 91.

440 4169 462 4236 2)
488 4170 674 4239 Dittenherger
692 4172 754 4240 Syll.
773 4172 849 4226 Nnb
867 4175 901 4227 el.
919 4174 1001 4241 nihl,
1020 4175 1115 4228 Philol.
1135 4175 1210 4240 1882,
1228 4193 1253 4243 p.
1272 4177 1376 4245 bdsqq.

439 4253 463 4322 ³)
491 4272 511 4312 s.
530 4272 555 4308 v.
574 4252 702 4317 Πανύασις
720 4263 747 4312 11
764 4275 785 4312 s.
805 4274 829 4312 r.
844 4256 994 4328 Ἡρόδοτος.
1020 4260 1113 4328 Neque
1131 4277 1195 4315 vero
1216 4263 1346 4317 Herodoti
1367 4262 1551 4318 testimonium
1573 4263 1643 4330 (Vll,

352 4339 396 4407 99)
414 4340 609 4409 neglegendum
628 4347 675 4407 est,
694 4343 741 4410 qui
758 4342 930 4398 Artemisiam
948 4347 994 4415 τὴν
1013 4346 1147 4415 τυραννίδα
1165 4347 1292 4402 habuisse
1309 4348 1380 4402 dicit.

437 4425 460 4492 ⁴)
487 4427 520 4479 cf.
539 4426 609 4480 tituli
627 4429 722 4483 verba:
749 4429 860 4499 κατάπερ
880 4430 912 4482 τὰ
931 4425 1005 4498 ὅρκια
1024 4432 1128 4499 ἔταμον.
