3604 5288
723 319 936 382 ..49-

269 491 317 555 De
351 491 543 571 cognatione
576 490 784 573 Panyassidis
820 495 852 555 et
883 491 1044 556 Herodoti
1077 492 1195 557 Suidas
1236 493 1324 556 solus
1366 497 1481 558 auctor

182 598 295 659 noster
326 598 385 672 est,
416 594 563 676 quirem
587 615 613 658 s.
635 615 665 658 ν.
689 594 838 666 Πανύασις
860 598 1104 658 commemorat.
1155 595 1277 659 Locum
1300 615 1480 677 sanequam

183 717 282 780 saepe
304 697 440 762 allatum
461 700 573 762 tamen
595 697 641 762 ita
661 700 698 761 ut
720 695 880 761 dubitatio
902 695 991 760 nulla
1020 701 1218 775 remaneret,
1245 698 1352 762 adhuc
1379 717 1481 763 nemo

181 800 341 865 tractavit.
388 800 451 878 Qui
474 800 560 865 enirn
582 804 705 865 rectam
726 799 814 862 viam
836 799 972 880 ingressi
995 803 1085 876 sunt,
1115 819 1173 864 eos
1195 800 1293 864 ceteri
1314 819 1382 864 non
1404 804 1479 864 sunt

184 903 294 968 secuti.
350 903 462 984 ltaque
495 904 585 968 locus
619 903 806 966 etiamnunc
837 901 915 965 vitio
949 902 1122 966 manifesto
1153 908 1323 985 corruptus
1353 902 1479 986 legitur.

183 1006 318 1070 Tradita
339 1007 441 1070 verba
463 1007 545 1072 haec
568 1009 660 1070 sunt:

265 1106 429 1194 Ἱστόρηται
452 1112 485 1174 δὲ
508 1111 655 1180 Πανόασις
673 1103 842 1194 Ἡροδότου
865 1112 917 1173 τοῦ
941 1111 1084 1194 ἱστορικοῦ
1104 1111 1275 1198 ἐξάδελφος.
1298 1111 1407 1194 Γέγονε
1424 1113 1479 1195 γὰρ

184 1212 332 1283 Πανύασις
367 1212 561 1300 Πολυάρχου,
595 1215 611 1276 ό
642 1214 676 1276 δὲ
702 1207 869 1297 Ἡρόδοτος
898 1213 1004 1292 Λύξου,
1037 1215 1088 1277 τοῦ
1119 1213 1300 1301 Πολυάρχου
1333 1216 1478 1302 ἀδελφοῦ·

182 1317 255 1386 τινὲς
278 1317 312 1380 δὲ
336 1315 371 1381 οὐ
394 1317 501 1400 Λόξην,
525 1317 603 1381 ἀλλὰ
620 1311 715 1380 Ῥοιὼ
738 1319 791 1400 τὴν
814 1316 927 1400 μητέρα
944 1310 1114 1399 Ἡροδότου
1138 1316 1324 1389 Πανυάσιδος
1346 1320 1482 1404 ἀδελφὴν

183 1419 350 1504 ἱστόρησαν.

271 1521 423 1602 Singulae
446 1522 524 1603 quid
545 1522 608 1586 loci
629 1525 740 1604 partes
764 1522 826 1586 sibi
842 1522 951 1598 velint,
975 1521 1111 1585 dubium
1126 1541 1194 1586 non
1211 1525 1270 1586 est.
1303 1523 1377 1587 Alia
1394 1523 1480 1586 enim

182 1626 358 1689 verborum
377 1625 601 1706 interpretatio
617 1625 707 1690 nulla
724 1625 852 1689 admitti
867 1624 930 1688 nisi
946 1624 1028 1688 haec
1044 1627 1167 1706 potest:
1190 1624 1363 1706 Panyassis
1379 1625 1481 1689 fuisse

182 1727 322 1792 traditur
348 1726 509 1792 Herodoti
537 1730 708 1815 ἐξάδελφος.
760 1727 958 1810 Polyarchus
991 1727 1076 1791 enim
1098 1727 1306 1810 Panyassidis
1333 1731 1482 1810 pateret

182 1831 285 1913 Lyxes
314 1830 474 1894 Herodoti
502 1835 597 1913 pater
627 1835 720 1895 erant
748 1831 874 1896 tratres.
926 1830 993 1895 Sed
1023 1830 1153 1895 fuerunt
1182 1830 1236 1911 qui
1264 1829 1385 1911 Lyxam
1416 1830 1481 1894 Pa-

182 1933 342 2016 nyassidis
365 1934 499 1998 fratrem
522 1954 594 1998 esse
611 1938 767 2016 negarent
784 1934 988 2011 Rhoeonem
1012 1953 1096 2014 quae
1112 1932 1272 1997 Herodoti
1290 1937 1394 1998 mater
1410 1933 1426 1998 f
1448 1933 1483 2011 't,

182 2036 392 2118 Panyassidis
412 2055 558 2101 sororem
576 2037 730 2101 dicentes.
765 2036 972 2124 Manifestum
997 2040 1046 2100 est
1068 2035 1164 2117 igitur
1185 2039 1259 2108 τινὲς
1278 2039 1311 2101 δὲ
1331 2038 1365 2101 οό
1387 2038 1480 2120 ΛόΕην

188 2145 251 2204 κτλ.
269 2139 370 2203 verba
393 2140 435 2203 ad
458 2159 507 2216 ea,
531 2160 615 2221 quae
637 2140 844 2216 antecedunt,
867 2158 933 2224 non
956 2139 1126 2220 quadrare.
1162 2138 1248 2202 Nam
1265 2139 1378 2220 Lyxes
1397 2159 1480 2220 quo-

183 2243 272 2307 niam
302 2242 432 2306 fuemnt
463 2243 519 2324 qui
547 2242 755 2325 Panyassidis
791 2243 1067 2323 consanguineum
1098 2240 1255 2328 (ἀδελφόν)
1283 2259 1351 2304 non
1380 2242 1481 2319 illum,

183 2346 243 2410 sed
264 2344 450 2409 Rhoionem
472 2345 625 2422 dicerent,
650 2349 748 2409 antea
766 2345 975 2428 Panyassidis
996 2348 1091 2425 pater
1113 2343 1175 2408 dici
1194 2345 1345 2409 debebat.
1381 2343 1480 2409 Cuius

183 2449 230 2512 rei
253 2467 328 2514 cum
351 2451 449 2512 antea
471 2449 593 2512 mentio
616 2448 675 2512 fiat
695 2449 795 2526 nulla,
817 2449 926 2512 locum
947 2448 1025 2512 vitio
1045 2447 1154 2529 aliquo
1175 2447 1389 2528 depravatum
1408 2467 1480 2512 esse

184 2555 323 2633 oportet.

271 2654 368 2732 Quod
398 2673 471 2718 cum
500 2673 598 2718 nemo
628 2673 696 2718 non
725 2654 846 2732 videat,
876 2653 983 2718 locum
1010 2673 1109 2718 nemo
1132 2655 1281 2719 tractavit
1303 2655 1382 2736 quin
1405 2675 1479 2720 eum

184 2757 360 2826 emendare
391 2761 572 2822 conaretur.
624 2757 672 2821 Ac
702 2757 822 2838 duplici
850 2757 982 2837 quidem
1010 2757 1110 2821 modo
1140 2757 1203 2821 hoc
1230 2761 1392 2822 tentatum
1421 2762 1480 2822 est.

183 2861 285 2924 Alteri
298 2861 322 2944 ¹)
361 2861 447 2924 enim
479 2860 594 2924 vitium
622 2860 655 2924 in
684 2860 791 2923 verbis
818 2860 1003 2930 Πονυάσνδος
1031 2861 1164 2945 ἀδελφήν
1200 2860 1301 2924 latere
1332 2861 1481 2925 arbitrati

183 2965 365 3050 Πολυάρχου
389 2966 522 3051 ἀδελφήν
545 2963 597 3027 vel
619 2964 831 3048 ποτραδελφήν
853 2961 980 3025 restitui
996 2962 1177 3027 voluerunt.
1211 2963 1313 3027 Alteri
1323 2960 1349 3046 ²)
1366 2962 1480 3027 vitium

183 3071 259 3149 post
280 3068 381 3131 verba
402 3070 475 3138 τινὲς
499 3067 523 3132 δ’
548 3068 583 3131 οὐ
601 3067 696 3152 Λόὲην
719 3069 913 3147 quaerentes
928 3065 1065 3129 verbum
1082 3067 1239 3151 ὠνόμασαν
1256 3066 1308 3131 vel
1326 3069 1480 3150 ἱστόρησαν

184 3169 396 3248 addiderunt,
428 3189 493 3251 quo
521 3170 633 3234 addito
662 3169 726 3233 hoc
756 3168 858 3232 verba
887 3168 1120 3250 significarent:¹
1148 3169 1247 3234 fuisse
1275 3170 1330 3251 qui
1358 3169 1480 3252 Lyxam

184 3272 312 3336 silentio
333 3273 640 3354 praetermitterent.

269 3376 382 3454 Nobis,
407 3375 484 3458 quid
507 3375 716 3440 iudicandum
738 3395 809 3439 esse
827 3374 985 3450 videatur,
1008 3375 1120 3455 paucis
1137 3375 1245 3439 verbis
1264 3374 1480 3439 demonstrari

183 3482 301 3560 potest.
334 3479 417 3544 Cum
429 3479 515 3543 enim
527 3497 567 3542 ex
578 3479 650 3559 ipso
661 3479 734 3543 loco
749 3478 828 3542 satis
840 3481 926 3542 certe
938 3481 1095 3558 appareat
1106 3478 1252 3542 diversas
1264 3477 1305 3541 de
1320 3477 1480 3542 Herodoti

184 3585 217 3645 et
234 3571 441 3664 Panyassidis
460 3582 654 3663 cognatione
673 3581 843 3662 opiniones
862 3579 970 3656 fuisse,
996 3580 1112 3660 quibus
1133 3580 1167 3643 id
1188 3601 1360 3646 commune
1379 3582 1479 3646 inter·

184 3684 313 3748 cederet
330 3689 366 3749 ut
384 3684 456 3766 ipsa
474 3685 623 3766 cognatio
642 3688 729 3749 certa
748 3683 953 3759 iudicaretur,
973 3682 1091 3746 modus
1109 3685 1310 3764 cognationis
1327 3684 1479 3762 incertus5

182 3787 404 3851 testimonium
422 3787 586 3851 veteribus
602 3787 758 3851 traditum
782 3786 882 3850 fuisse
905 3788 1044 3867 oportet,
1068 3805 1132 3867 quo
1155 3787 1210 3851 illa
1234 3789 1383 3869 cognatio
1401 3808 1479 3851 con-

183 3892 294 3966 staret,
318 3890 471 3971 quodque
493 3889 559 3953 fide
581 3889 666 3953 adeo
688 3889 823 3970 dignum
842 3888 1016 3964 videretur,
1047 3909 1086 3952 ex
1115 3909 1180 3970 quo
1209 3891 1250 3955 de
1278 3890 1479 3971 cognationis

183 4011 301 4073 genere
325 3992 529 4056 coniecturae
551 3992 677 4056 fierent.
728 3992 764 4055 ld
787 3995 895 4055 autem
919 3991 1141 4056 testimonium
1163 3994 1205 4057 ab
1228 3994 1291 4057 hoc
1313 3993 1384 4074 ipso
1407 3991 1479 4056 loco

182 4093 273 4158 haud
294 4095 407 4176 procul
431 4096 534 4160 abest.
579 4095 661 4177 Ipsis
682 4094 771 4159 'enim
793 4094 900 4157 verbis
925 4095 1071 4179 ἱστόρηται
1093 4098 1126 4160 δὲ
1150 4091 1479 4180 ΠανόασιςἭροδότου

272 4265 291 4333 ¹)
319 4267 415 4334 Heyse,
434 4267 544 4334 Quaest.
563 4266 692 4320 Herodot.
711 4283 737 4334 p.
758 4268 803 4330 153
831 4265 947 4329 Funcke,
966 4264 1040 4318 Neue
1058 4265 1150 4320 lamb.
1169 4266 1187 4319 l.
1206 4266 1274 4324 Phil.
1291 4283 1318 4320 u.
1337 4267 1418 4321 Paed.
1436 4267 1479 4320 39.

185 4352 258 4406 18⁴3·
269 4354 487 4504 λΠΠάὲόλλίτυοτ,
505 4439 523 4491 l.
548 4454 571 4492 c.
595 4455 621 4506 p.
648 4437 694 4503 13,
719 4443 783 4491 ante
806 4454 889 4506 quem
910 4436 1102 4503 Bemhardyus
1125 4441 1152 4491 et
1175 4436 1343 4492 Ecksleinius
1364 4437 1478 4491 eandem

183 4523 340 4590 opinionem
357 4525 534 4592 protulerunt.

1217 4609 1235 4660 l
