3604 5288
839 283 1029 346 ..8-

289 456 424 520 dubium
441 458 498 534 est,
519 455 596 537 quin
612 455 676 518 hae
691 453 804 518 literae
823 472 940 518 omnes¹
955 453 998 518 ad
1015 453 1103 518 idem
1120 455 1317 520 elementum
1331 453 1578 535 significandum

289 562 464 640 usu1patae
486 558 560 636 sint,
583 577 658 622 cum
676 555 713 622 'in
733 556 850 621 eodem
866 557 999 621 nomine
1014 557 1186 622 scribendo
1204 557 1387 640 promiscue
1403 560 1578 638 usurpatae

289 661 419 743 saepius
448 661 661 726 inveniantur.
713 659 876 740 Scriptum
904 660 990 724 enim
1018 687 1053 726 σσ
1082 660 1182 726 literis
1211 660 1368 747 Ἀρύασσις
1396 679 1518 724 nomen
1544 660 1578 724 in

288 764 381 829 titulo
403 763 652 828 Halicarnasseo
663 761 688 846 1)
710 761 839 844 legitur,
868 765 967 843 atque
996 762 1083 826 idem
1106 767 1119 836 ξ
1140 763 1234 828 litera
1261 763 1394 848 ’Δρύαξις
1424 763 1578 845 scriptum

288 868 322 931 in
348 870 482 932 moneta
505 863 657 949 Carmel)
702 864 868 936 Πανύασσις
894 883 971 929 vero
1000 885 1122 931 nomen
1143 866 1222 930 illud
1250 866 1461 944 elementum,
1489 865 1579 946 quod

289 973 365 1036 ante
396 995 418 1042 ις
446 970 567 1043 exitum
594 972 658 1046 est,
693 967 809 1050 triplici
835 967 935 1031 modo
965 968 1120 1049 scriptum
1147 968 1257 1033 habet.
1315 969 1462 1039 Πανύασις
1491 968 1578 1032 enim

288 1073 395 1138 forma
417 1072 506 1154 apud
528 1072 715 1153 scriptores,
745 1069 907 1143 ΠανύαΨις
929 1071 962 1134 in
987 1071 1096 1150 titulo,
1128 1072 1295 1143 Πανύασσις
1318 1074 1351 1135 et
1373 1071 1407 1135 in
1428 1070 1522 1135 titulo
1545 1074 1577 1134 et

288 1176 322 1240 in
344 1176 538 1257 scriptorum
559 1173 649 1238 libris
671 1173 817 1238 traditur.
855 1173 1002 1256 Denique
1025 1201 1042 1241 σ
1065 1178 1098 1238 et
1120 1179 1132 1248 ξ
1153 1174 1266 1239 literae
1284 1173 1367 1238 inter
1385 1194 1420 1238 se
1440 1193 1576 1255 respon-

289 1278 367 1343 dent
394 1278 427 1342 in
455 1277 643 1342 nominibus
665 1275 832 1348 Ἐπιαύασις
860 1279 893 1340 et
915 1275 1055 1348 Ἐπύαξα.
1101 1276 1193 1356 Quae
1219 1277 1354 1342 nomina
1382 1281 1415 1341 et
1442 1295 1576 1357 compo-

288 1381 404 1446 sitione
427 1385 460 1445 et
483 1379 570 1445 exitu
592 1379 712 1444 (laricis
733 1382 802 1443 tam
824 1379 941 1444 similia
963 1383 1048 1458 sunt,
1079 1384 1115 1444 ut
1135 1400 1196 1462 pro
1220 1380 1339 1445 (laricis
1361 1380 1434 1461 ipsa
1464 1379 1578 1444 haberi

287 1483 427 1565 possint,
462 1502 651 1565 quanquam
683 1483 716 1546 in
749 1481 859 1546 Cilicia
891 1483 1103 1565 reperiuntur.
1159 1481 1324 1554 Ἐαιαύασις
1358 1483 1459 1560 enim,
1494 1501 1578 1564 quae

259 1585 428 1650 nominis
458 1586 563 1650 forma
591 1584 770 1649 masculina
792 1587 855 1663 est,
886 1584 919 1648 in
947 1585 1040 1649 titulo
1065 1584 1259 1670 Ciliciensi3)
1289 1586 1417 1669 legitur,
1445 1585 1576 1660 Ἐπύαξα

287 1708 422 1766 nomen,
457 1688 545 1769 quod
572 1688 758 1770 Xenophon
766 1685 793 1767 4)
828 1687 879 1751 bis
909 1693 1158 1765 commemorat,
1193 1690 1322 1770 reginae
1345 1689 1479 1754 Cilicum
1507 1689 1577 1753 fuit.

289 1789 386 1869 Quod
408 1794 518 1856 autem
541 1789 709 1862 Ἐπισύασις
731 1809 852 1854 nomen
874 1791 907 1854 in
930 1816 1029 1863 αυασις
1052 1792 1174 1857 exitum
1196 1792 1311 1871 habet,
1339 1811 1407 1857 non
1429 1793 1463 1858 in
1485 1817 1576 1869 υασις,

287 1893 404 1958 nullius
423 1894 582 1958 momenti
600 1897 659 1972 est,
679 1913 752 1958 cum
769 1893 899 1976 saepius
918 1894 951 1957 in
972 1895 1159 1959 nominibus
1178 1895 1298 1960 Caricis
1321 1923 1337 1962 o
1361 1898 1445 1960 θύου
1464 1895 1577 1960 literae

286 1996 370 2060 inter
393 2016 428 2060 se
451 2000 698 2060 commutentur:
716 1997 776 2061 ‚Ut
797 1997 884 2090 enim
897 1991 1056 2070 Ὕσσωλσς
1065 1997 1091 2082 ⁵)
1110 1998 1203 2063 titulo
1222 1999 1378 2064 traditum
1399 2001 1513 2076 exstat,
1532 1998 1578 2062 ita

288 2089 514 2183 Ούασωλλος,θ)
544 2103 581 2163 ut
609 2098 879 2180 Ὠνζωασυασύς,7)
909 2101 955 2166 ila
985 2099 1155 2185 Οὐαααύςῧ)
1184 2102 1281 2184 idque
1308 2121 1430 2166 nomen
1460 2101 1577 2167 eodem

286 2202 396 2282 titulo,
429 2221 494 2283 quo
527 2202 616 2267 illud.
660 2203 746 2267 Nihil
780 2207 830 2267 est
858 2203 967 2285 igitur,
1001 2205 1089 2286 quod
1118 2204 1173 2269 illa
1201 2205 1350 2286 exempla
1379 2204 1488 2269 Cilicia
1517 2224 1577 2285 pro

190 2331 194 2336 ·
285 2304 404 2387 ineptis
433 2309 490 2371 aut
520 2306 678 2387 suspectis
707 2306 898 2371 habeamus.
951 2307 1064 2388 ltaque
1092 2308 1195 2372 tribus
1224 2308 1258 2372 in
1279 2308 1466 2372 nominibus
1488 2307 1576 2372 idem

285 2407 482 2470 elementum
500 2407 660 2471 habemus
680 2408 813 2471 diversis
828 2408 929 2472 literis
951 2409 1167 2491 significatum
1188 2411 1286 2492 idque
1310 2411 1355 2476 sic
1377 2413 1413 2474 ut
1434 2410 1467 2474 in
1483 2430 1518 2475 er
1540 2429 1576 2474 se

248 2574 251 2581 ,
285 2509 505 2591 respondeant
527 2509 590 2573 hae
612 2508 738 2574 literae:

376 2610 406 2694 1)
441 2638 475 2678 αα
499 2614 531 2675 et
555 2612 577 2682 Ε.

372 2713 405 2797 2)
441 2742 457 2779 σ
481 2718 513 2779 et
535 2713 567 2776 'l'
590 2718 622 2779 et
644 2741 689 2780 σα.

375 2816 409 2900 3)
444 2844 461 2882 o
485 2821 517 2881 et
539 2818 561 2887 ξ.

371 2919 466 2984 Unde
493 2939 568 2984 cum
593 2941 661 2985 non
688 2922 795 2986 minus
825 2926 979 3004 quattuor
1000 2923 1110 2988 literas
1132 2924 1231 2990 fuisse
1261 2931 1427 3008 appareat,
1458 2927 1576 3008 quibus

289 3041 390 3085 unum
412 3021 491 3086 illud
515 3022 725 3102 elementum,
754 3025 843 3106 quod
867 3026 902 3089 in
932 3026 1018 3090 exitu
1046 3052 1145 3098 υασσις
1167 3031 1244 3090 ante
1272 3030 1448 3099 terminum
1470 3055 1494 3101 ις
1516 3034 1576 3108 est,

287 3122 458 3204 significari
486 3129 611 3205 posset,
641 3126 674 3189 id
701 3127 744 3192 ab
774 3146 831 3191 ore
853 3127 976 3192 Graeco
1006 3129 1133 3194 videtur
1159 3133 1229 3194 tam
1255 3131 1397 3195 alienum
1419 3132 1518 3196 fuisse
1539 3137 1578 3197 ut

287 3223 388 3288 literis
411 3224 541 3290 Graecis
564 3227 643 3291 satis
666 3234 815 3293 accurate
837 3231 930 3294 reddi
952 3231 1085 3296 omnino
1107 3250 1174 3295 non
1195 3237 1317 3314 posset.

374 3327 446 3404 Quo
473 3328 545 3392 iure
572 3330 661 3412 apud
683 3330 782 3395 Cares
810 3333 944 3397 nomina
970 3334 1003 3396 in
1033 3358 1132 3406 αασσις
1160 3335 1245 3399 exire
1267 3336 1370 3401 multa
1393 3337 1575 3416 dixerimus,

286 3430 368 3496 haec
397 3432 567 3496 nominum
589 3432 775 3498 Caricorum
798 3435 897 3500 series
927 3436 1073 3516 docebit,
1097 3457 1180 3518 quae
1204 3439 1314 3504 omnia
1335 3440 1436 3504 titulis
1456 3441 1578 3506 tradita

374 3617 958 3687 ummmmam-amm

373 3702 396 3769 2)
424 3703 462 3758 Cf.
481 3704 561 3773 Papo,
579 3705 776 3773 Eigennamen,
794 3708 926 3774 lllionnet,
944 3711 1028 3763 deser.
1046 3711 1079 3764 de
1097 3711 1235 3765 medailles
1253 3711 1385 3781 antiques
1421 3713 1512 3782 Suppl.
1531 3713 1577 3767 VI.

286 3789 346 3842 505.
381 3787 488 3843 Nomen
507 3788 573 3843 nihil
590 3791 650 3844 miri
667 3792 768 3846 habere
784 3794 838 3856 hac
855 3795 1014 3862 quaestione
1033 3796 1180 3864 apparebit.

372 3872 396 3942 ³)
425 3875 453 3929 C.
471 3875 491 3928 1.
511 3875 542 3928 G.
560 3875 630 3929 4410
647 3877 697 3930 his.

374 3959 396 4025 ⁴)
424 3960 544 4015 Anabas.
561 3960 582 4013 I.
601 3961 625 4014 2.
646 3962 677 4014 lu
695 3968 722 4017 el
739 3963 781 4017 95.

374 4045 397 4114 ⁵)
423 4047 488 4101 Ditt.
507 4045 570 4115 Syll.
587 4045 638 4100 No.
653 4049 702 4101 6ο.
720 4049 740 4104 I.
754 4050 780 4105 l.
794 4049 836 4103 38.
862 4051 949 4119 Asper
963 4069 999 4106 an
1017 4053 1084 4108 lenis
1102 4054 1210 4122 spiritus
1228 4055 1386 4109 scribendus
1404 4057 1444 4122 sit,
1464 4057 1577 4110 dubium

286 4136 335 4268 Est.
368 4131 552 4186 Distinctusne
570 4133 750 4201 appellatione
768 4136 802 4190 sit
820 4139 893 4205 apud
911 4137 1000 4204 Cares,
1018 4139 1082 4194 item
1101 4140 1221 4194 dubium.
1253 4141 1342 4194 Litera
1365 4142 1474 4210 quidem
1497 4142 1580 4211 signi-

308 4221 384 4270 catus
403 4233 460 4270 non
478 4224 528 4272 est.

374 4301 666 4370 offimma

314 4387 666 4452 ,nummum

374 4469 662 4539 nummum
