3604 5288
790 285 979 348 „7-

325 593 532 675 Panyassidis
548 611 669 656 nomen
685 591 903 656 Halieamassi
927 613 1026 676 saepe
1052 595 1185 660 obvium
1203 599 1294 660 extra
1311 596 1396 660 hanc
1412 598 1528 662 urbem

239 718 401 779 nusquam
423 696 583 761 invenitur
603 695 665 759 nisi
687 694 792 770 Sami,
815 695 843 758 si
864 696 964 760 modo
986 695 1159 777 Panyassis
1181 697 1248 776 ille,
1278 718 1376 780 quem
1397 700 1492 764 Duris
1504 699 1527 783 ¹)

241 803 492 876 commemorat,
515 798 644 863 Samius
667 798 736 862 fuit.
780 796 866 860 Nam
888 799 986 863 ceteri
1009 818 1085 863 eum
1105 799 1390 866 Halicamasseum
1412 806 1529 866 vocant

242 921 379 985 eamque
402 902 596 967 sententiam
618 900 825 982 probandam
847 900 1038 965 videbimus.
1071 901 1287 984 Panyassides
1309 904 1413 986 igitur,
1437 908 1530 986 quot-

241 1011 321 1088 quot
339 1007 645 1080 commemorantur,
667 1002 906 1067 Halicarnassei
921 1003 1060 1083 fuerunt,
1083 1025 1148 1086 quo
1164 1007 1297 1070 nomine
1314 1010 1346 1071 et
1362 1007 1424 1070 hos
1440 1007 1529 1088 ipsos

240 1114 272 1174 et
291 1109 484 1174 Salmacitas
507 1105 812 1189 comprehendimus
834 1105 963 1170 illorum
979 1106 1135 1173 finitimos
1154 1113 1186 1173 et
1203 1109 1298 1191 quasi
1312 1109 1528 1174 suburbanos.

238 1211 275 1277 In
308 1212 402 1277 titulo
436 1211 523 1274 enim
554 1209 818 1286 Halicamasseo,
857 1228 956 1289 quem
989 1209 1194 1292 Lygdamidis
1226 1231 1343 1276 vocare
1376 1212 1529 1290 solemus,

238 1334 451 1380 nmemonum
473 1312 723 1376 Salmacitarum
752 1311 834 1376 alter
861 1310 1016 1376 Phormio
1039 1312 1246 1394 Panyassidis
1275 1311 1395 1398 filius2)
1423 1315 1529 1379 nomi·

239 1423 344 1495 natur,
364 1417 419 1498 qui
434 1416 561 1480 filiusne
579 1419 697 1496 poetae
715 1414 819 1478 nostri
837 1414 942 1493 luerit,
964 1416 1106 1481 maxime
1123 1416 1258 1480 dubium
1281 1419 1330 1480 est
1353 1435 1427 1480 cum
1449 1418 1530 1482 alias

239 1522 282 1585 ob
297 1539 411 1585 causas
424 1523 494 1583 tum
508 1517 803 1600 quiaPanyassidis
816 1537 937 1582 nomen
949 1518 1037 1600 apud
1050 1517 1316 1583 Halicamasseos
1330 1520 1529 1602 frequentius

237 1625 364 1688 videtur
385 1623 494 1688 fuisse.
528 1621 565 1685 ln
585 1620 678 1684 titulo
701 1620 787 1684 enim
805 1607 1065 1697 Halicamdsseo,
1088 1621 1143 1702 qui
1159 1621 1293 1686 dimidio
1310 1623 1378 1687 iere
1399 1623 1530 1687 saeculo

237 1726 397 1791 recentior
416 1745 516 1806 quam
533 1722 586 1788 ille
604 1727 747 1806 putatur,
768 1723 985 1807 Panyassides
1001 1727 1298 1788 commemorantur
1313 1725 1403 1790 haud
1419 1726 1529 1806 pauci:

237 1830 273 1896 Ρ.
300 1828 488 1894 Artemonis
515 1827 537 1891 1.
547 1824 585 1908 ,3)
615 1825 651 1891 P.
680 1826 810 1909 ldagygi
836 1826 905 1910 f.,⁴)
935 1826 971 1891 Ρ.
994 1827 1149 1892 Demetrii
1171 1826 1238 1911 f.,⁵)
1268 1826 1304 1892 Ρ.
1332 1826 1529 1916 Paraussolli

237 1930 383 2014 pater,⁶)
413 1930 450 1995 P.
474 1930 666 2012 Spareudigi
692 1929 825 2014 pater.⁷]
869 1930 927 1995 Illo
950 1931 1046 2012 igitur
1071 1933 1219 2012 tempore
1240 1931 1474 2010 Halicarnassi,
1502 1931 1529 1995 si

237 2055 306 2100 non
333 2035 458 2115 plures,
493 2036 528 2096 at
555 2036 642 2097 certe
667 2036 734 2096 tres
762 2033 906 2110 fuerunt,
935 2034 1052 2114 quibus
1078 2033 1251 2115 Panyassis
1280 2052 1401 2098 nomen
1433 2037 1528 2098 esset.

236 2137 335 2220 Apud
352 2137 524 2216 scriptores
541 2138 651 2199 autem
670 2135 725 2216 qui
735 2134 952 2216 Panyassides
968 2139 1274 2214 commemorantur,
1291 2137 1529 2201 Halicamassei

237 2241 315 2305 item
334 2240 473 2303 fuerunt.
506 2236 695 2302 Traduntur
716 2237 803 2301 enim
821 2239 864 2302 ab
883 2238 933 2302 his
951 2238 1015 2302 duo
1032 2241 1170 2315 tantum,
1193 2239 1275 2302 alter
1292 2242 1392 2320 poeta
1408 2240 1527 2320 epicuS,

239 2344 321 2408 alter
342 2341 543 2406 somniorum
564 2339 738 2421 interpreS,
769 2361 851 2422 quos
879 2361 946 2406 uno
967 2340 1089 2405 Duride
1116 2345 1251 2423 excepto
1274 2360 1389 2405 omnes
1411 2346 1528 2406 vocant

236 2447 511 2512 Halieamasseos.

323 2548 461 2626 Nomen,
483 2551 520 2613 ut
543 2550 633 2612 extra
655 2546 784 2613 Cariam
806 2567 874 2611 non
896 2547 1068 2624 invenitur,
1089 2546 1218 2629 linguae
1241 2546 1373 2613 Caricae
1395 2549 1528 2613 attribui

237 2654 349 2730 debet,
379 2671 448 2716 non
469 2651 622 2716 Graecae.
665 2649 751 2714 Nam
780 2653 1008 2731 praeterquam
1038 2651 1127 2732 quod
1155 2670 1216 2716 nec
1238 2651 1360 2716 Graece
1387 2651 1528 2733 intellegi

235 2759 345 2839 potest
368 2758 400 2819 et
421 2755 494 2835 ipsa
516 2755 623 2835 specie
645 2753 824 2818 barbarum
846 2771 881 2817 se
902 2753 1049 2834 praebet,
1071 2753 1212 2817 nominis
1233 2757 1344 2834 partes
1366 2754 1399 2817 in
1420 2755 1526 2818 nomi-

234 2859 332 2923 nibus
354 2857 474 2922 Caricis
497 2857 626 2937 saepius
649 2858 787 2920 exstant.
820 2853 951 2918 Initium
973 2855 1105 2935 quidem
1127 2856 1267 2919 nominis
1286 2856 1350 2921 Παν
1372 2857 1423 2921 vel
1440 2859 1526 2922 Πανα

236 2960 307 3023 sine
323 2959 423 3022 dubio
439 2958 528 3020 idem
551 2959 610 3034 est,
633 2957 721 3038 quod
739 2958 773 3020 in
791 2956 978 3021 nominibus
996 2957 1116 3022 Carinis
1135 2957 1331 3043 Havapdqessl
1356 2959 1408 3043 (cf.
1426 2961 1527 3046 Χηρα-

236 3059 367 3148 μύης),9)
384 3057 633 3148 Πανάβλημιςβθ)
650 3059 830 3145 Πανάμαρος
843 3058 885 3142 ¹¹)
903 3060 1052 3125 habetur.
1085 3061 1133 3125 Ac
1150 3062 1311 3142 posterior
1328 3082 1405 3143 pars
1427 3089 1526 3134 υασσις

236 3166 270 3229 in
292 3163 462 3228 nominum
481 3160 667 3227 Caricorum
691 3162 778 3227 exitu
799 3166 868 3227 tam
890 3183 989 3244 saepe
1011 3162 1180 3242 invenitur,
1202 3168 1239 3228 ut
1260 3163 1331 3246 ipso
1354 3164 1417 3229 boc
1440 3165 1526 3230 exitu

235 3267 366 3349 originis
388 3265 520 3330 Caricae
543 3264 682 3346 suspicio
705 3284 801 3331 move
822 3270 883 3331 tur.

322 3370 388 3435 Sed
416 3368 502 3432 enim
529 3368 619 3432 vario
645 3369 745 3432 modo
772 3369 825 3434 hic
848 3370 951 3434 exitus
974 3369 1131 3434 scribitur.
1176 3371 1262 3434 Loco
1286 3371 1373 3434 enim
1396 3397 1431 3436 σο
1453 3371 1524 3436 lite-

233 3493 344 3539 rarum
373 3491 440 3536 non
468 3470 567 3534 modo
592 3498 609 3536 σ
632 3475 664 3535 et
686 3475 711 3546 ξ,
746 3472 804 3536 sed
836 3472 934 3536 etiam
961 3471 992 3534 'l'
1018 3472 1111 3536 litera
1139 3473 1257 3554 scripta
1287 3473 1412 3555 legitur.
1457 3473 1525 3538 Nec

321 3625 343 3696 ¹)
370 3626 468 3681 Suidas
485 3643 507 3678 S.
525 3641 551 3680 v.
569 3623 704 3684 Πανύασις.

319 3712 342 3782 ²)
369 3712 562 3779 Dittenberger,
581 3711 687 3780 Sylloge
704 3711 910 3779 inscriptionum
929 3711 1021 3766 Graec.
1055 3711 1148 3766 1105.
1168 3713 1209 3766 15.

318 3797 342 3866 ³)
369 3799 435 3853 lbid.
462 3797 649 3855 11061118.

318 3885 341 3950 ⁴)
368 3884 453 3937 611.

318 3969 342 4038 ⁵)
369 3972 393 4024 6.
411 3970 453 4024 50.

319 4053 342 4123 ⁶)
369 4057 395 4108 6.
415 4056 454 4108 19.

320 4139 343 4208 ⁷)
370 4141 394 4193 6.
413 4141 455 4194 61.

319 4223 342 4294 ⁸)
369 4225 437 4279 Ibid.
454 4225 504 4282 No.
524 4227 549 4279 5.
569 4227 609 4280 11,
628 4228 669 4282 30.
696 4227 746 4281 No.
765 4228 789 4281 6.
810 4229 849 4282 11.

320 4311 342 4378 ⁹)
368 4311 438 4364 Bull.
456 4311 489 4363 de
508 4326 575 4364 corr.
593 4312 654 4365 hell.
672 4313 716 4365 IV.
740 4331 766 4381 p.
784 4314 843 4367 185.

309 4397 341 4461 ¹⁰)
369 4397 432 4451 Ditt.
451 4396 517 4464 Syll.
531 4396 582 4450 No.
601 4400 626 4451 6.
644 4397 687 4450 13.

308 4481 342 4552 ¹¹)
371 4483 398 4538 G.
417 4483 436 4540 1.
456 4482 486 4537 G.
505 4481 679 4536 11111710.
