3604 5288
743 311 954 376 ...55-

203 479 311 545 nassei
337 481 379 545 de
407 481 602 563 Panyasside
634 485 666 546 et
694 482 863 548 Herodoto
897 485 1083 550 testimonia
1115 487 1255 551 reddam
1286 488 1496 569 pervulgarit.

202 583 239 646 ln
261 583 366 664 ipsam
387 602 465 648 vero
487 584 572 648 hanc
599 588 741 650 aetatem
762 585 954 668 Apollonius
976 588 1235 669 Aphrodisiensis
1264 588 1390 672 cadit.¹)
1435 589 1499 667 Qui

204 707 277 751 cum
299 691 334 750 ut
356 706 464 750 rerum
487 687 674 752 caricarum
696 689 848 771 scriptor,
872 710 952 771 quas
975 691 1194 772 duodeviginti
1216 692 1386 757 minimum
1407 694 1499 758 libris

202 789 361 867 tractavit,
384 809 436 854 res
457 789 723 856 Halicamasseas
745 794 1005 874 praetermittere
1035 812 1102 858 non
1130 795 1287 876 potuerit,
1317 796 1427 860 nescio
1457 817 1500 860 66

204 913 243 958 ex
271 893 335 956 hoc
364 887 490 957 veteres
512 893 696 971 hauserint,
729 914 813 976 quae
843 896 981 977 scriptor
1002 896 1270 962 Halicarnasseus
1299 899 1366 976 ille,
1397 919 1494 980 quem

204 996 384 1073 statuimus
409 997 450 1060 de
472 995 670 1078 Panyasside
694 1001 726 1062 et
748 998 918 1064 Herodoto
940 1000 1092 1064 narravit.
1137 1001 1254 1080 Aptior
1276 1002 1417 1082 quidem,
1440 1004 1496 1083 qui

202 1099 290 1162 hunc
312 1099 503 1180 scriptorem
526 1100 706 1164 diutissime
729 1102 903 1166 obscurum
932 1121 970 1166 66
997 1101 1180 1183 neglectum
1207 1103 1328 1167 eruisse
1357 1107 1498 1186 putetur,

202 1201 256 1265 vix
282 1201 454 1283 quisquam
481 1203 614 1284 cogitari
641 1207 751 1284 potest
777 1223 877 1285 quam
904 1191 1018 1269 rerum
1035 1204 1222 1270 Caricarum
1251 1207 1388 1289 scriptor
1416 1208 1499 1272 sicut

202 1305 395 1387 Apollonius
418 1305 452 1370 in
474 1306 545 1388 ipsa
569 1306 664 1371 Caria
687 1311 917 1371 commoratus.

290 1408 355 1472 Cur
376 1409 545 1490 Panyassis
575 1409 657 1473 falso
685 1412 754 1473 tarn
782 1409 896 1492 procul
917 1429 937 1474 a
959 1428 1018 1474 sua
1045 1413 1152 1474 aetate
1175 1415 1303 1476 amotus
1325 1413 1375 1491 sit,
1405 1416 1441 1478 ut
1464 1415 1497 1478 in

202 1511 403 1591 temporibus
424 1511 501 1576 belli
515 1511 781 1593 Peloponnesiaci
803 1516 989 1593 poneretur,
1012 1513 1191 1594 disceptare
1207 1515 1352 1579 nondum
1368 1519 1499 1598 tempus

205 1616 263 1678 est.
304 1613 369 1678 Cur
395 1617 505 1678 autem
539 1614 581 1678 ol.
608 1616 649 1679 78
677 1615 796 1680 idonea
822 1616 962 1680 iudicata
989 1616 1038 1694 sit,
1066 1616 1116 1681 cui
1137 1616 1306 1699 Panyassis
1333 1637 1499 1686 unacum

203 1716 352 1781 Choerilo
383 1717 609 1795 ascriberetur,
640 1737 726 1782 nunc
754 1718 960 1810 manifestum
991 1724 1048 1784 est.
1093 1720 1130 1784 In
1159 1720 1221 1786 hac
1251 1721 1337 1785 enim
1365 1725 1496 1806 tempus

202 1819 311 1884 natale
328 1819 468 1890 Choerili
490 1824 588 1899 recte,
610 1821 819 1902 Panyassidis
841 1821 925 1886 falso
947 1821 1091 1904 positum
1114 1823 1334 1904 cognovimus,
1358 1845 1496 1908 quorum

202 1926 337 2004 uterque
356 1926 456 2006 poeta
475 1924 584 2004 epicus
601 1923 671 1988 fuit.
702 1925 797 1989 Unde
816 1944 889 1988 curn
908 1924 1153 2008 synchronismo
1172 1945 1228 1990 eos
1245 1926 1291 1991 ita
1308 1929 1497 1994 coniunctos

204 2045 275 2090 esse
286 2029 443 2108 appareat
454 2029 490 2089 ut
501 2027 708 2110 Panyassidis
720 2030 811 2091 aetas
827 2028 989 2108 incognita
1001 2029 1044 2092 ad
1056 2029 1219 2109 cognitam
1231 2029 1371 2095 Choerili
1382 2032 1495 2113 affige-

202 2132 306 2206 retur,
334 2129 368 2193 id
397 2148 498 2193 unum
521 2129 680 2211 reliquum
703 2132 753 2194 est
775 2133 811 2193 ut
833 2133 1008 2211 quaeratur
1030 2151 1086 2195 cur
1115 2132 1157 2196 ad
1180 2134 1321 2196 aetatem
1344 2133 1494 2199 Choerili.

202 2231 240 2296 Id
261 2235 371 2296 autem
393 2231 469 2296 inde
492 2235 641 2314 apertum
665 2235 723 2310 est,
747 2233 836 2314 quod
857 2233 890 2297 in
912 2233 1185 2298 necessitudinem
1208 2237 1373 2316 quandam
1387 2238 1495 2320 Pany-

202 2335 290 2399 assin
313 2339 344 2398 et
366 2335 597 2400 Antimachum
619 2335 769 2399 redactos
792 2337 927 2415 scimus,
949 2357 1014 2418 quo
1038 2338 1079 2401 ol.
1103 2338 1146 2402 94
1167 2338 1303 2402 florente
1326 2338 1495 2404 Choerilus

202 2438 294 2502 aunis
326 2441 417 2502 tanto
452 2437 598 2519 superior
631 2438 705 2516 1611,
739 2443 775 2502 61
805 2439 974 2522 Panyassis
1005 2441 1097 2504 armis
1126 2441 1275 2506 Choerilo
1306 2461 1366 2522 par
1394 2443 1496 2508 factus

202 2541 386 2605 Antimachi
408 2541 560 2623 magister
581 2541 678 2605 tuisse
699 2545 819 2622 posset.
853 2543 1027 2608 Dicebatur
1049 2545 1135 2609 6616
1156 2544 1367 2609 Antimachus
1389 2546 1496 2628 Pany-

202 2644 314 2708 assidis
343 2644 479 2709 auditor.
541 2645 637 2723 Quod
669 2645 890 2709 testimonium
923 2649 1011 2712 unde
1045 2651 1152 2712 ortum
1185 2648 1239 2725 sit,
1275 2667 1313 2712 eo
1347 2652 1495 2730 apertum

203 2749 264 2825 est,
305 2748 393 2828 quod
429 2747 516 2812 idem
546 2747 771 2813 Antimachus.
797 2749 839 2813 ab
878 2749 947 2814 aliis
979 2750 1182 2832 Panyassidis
1220 2751 1366 2816 minister
1398 2752 1496 2817 fuisse

202 2850 324 2914 dicitur.
369 2850 445 2916 Sine
468 2851 567 2915 dubio
591 2851 676 2914 enim
692 2851 907 2915 Antimachus
930 2851 1074 2916 minister
1095 2852 1128 2915 in
1150 2852 1331 2918 auditorem
1353 2858 1496 2919 mutatus

202 2958 264 3032 est,
296 2954 418 3036 idquod
439 2973 507 3017 non
529 2953 597 3018 sine
619 2953 685 3017 veri
707 2954 849 3034 quadam
871 2954 977 3034 specie
1000 2954 1068 3018 fieri
1090 2957 1236 3035 poterat,
1263 2976 1337 3021 cum
1360 2957 1495 3022 Stasim-

201 3057 285 3121 broti
315 3057 367 3121 ille
397 3057 493 3121 fuerit
522 3057 658 3121 auditor.
711 3057 750 3120 Et
772 3056 891 3121 indicat
914 3056 1033 3122 Suidae
1056 3057 1097 3121 de
1120 3057 1182 3121 hac
1212 3077 1247 3122 re
1276 3060 1495 3124 testimonium

200 3160 284 3224 hanc
307 3159 452 3224 mutandi
476 3179 606 3224 causam
629 3159 735 3223 fuisse.
770 3159 913 3224 Minister
935 3162 1046 3224 autem
1064 3160 1267 3242 Panyassidis
1283 3162 1495 3227 Antimachus
1554 3243 1556 3246 .

201 3263 355 3344 appellari
386 3262 446 3326 nisi
472 3283 531 3345 per
556 3262 730 3326 ludibrium
763 3282 830 3327 non
856 3262 970 3344 potuit.
1028 3263 1141 3344 Neque
1169 3264 1326 3328 eiusmodi
1356 3265 1495 3331 ludibrio

201 3367 371 3448 quisquam
394 3385 468 3430 666
490 3366 613 3430 habere
641 3366 747 3448 potuit
776 3366 836 3430 nisi
865 3366 1048 3430 fabularum
1075 3367 1212 3449 scriptor
1239 3368 1280 3431 de
1308 3367 1496 3432 Antimachi

201 3469 343 3550 aequalis
371 3488 409 3533 ac
434 3469 532 3533 laude
559 3470 703 3534 florentis
731 3472 801 3533 arte
828 3468 956 3550 poetica
981 3469 1134 3534 iudicans.
1187 3471 1249 3549 Qui
1271 3471 1365 3552 igitur
1386 3471 1494 3552 Pany-

200 3572 285 3636 assin
319 3572 360 3635 ol.
389 3573 430 3637 78
465 3575 578 3635 natum
616 3573 779 3649 dixerunt,
820 3571 902 3635 illius
936 3572 1065 3636 ludibrii
1106 3572 1300 3637 immeritam
1334 3573 1495 3638 rationem

200 3676 398 3752 habuerunt,
428 3675 517 3756 quod
539 3675 584 3739 ad
603 3677 732 3756 tempus
754 3674 863 3738 natale
892 3676 1115 3754 statuendum,
1145 3676 1172 3739 si
1200 3679 1332 3757 praesto
1360 3677 1495 3741 meliora

200 3777 344 3855 luissent,
368 3781 454 3841 certe
476 3797 543 3841 non
565 3777 753 3842 arcessitum
777 3780 871 3842 esset.
914 3777 977 3841 Per
999 3797 1034 3842 se
1058 3779 1144 3842 enim
1166 3782 1234 3842 tam
1256 3780 1412 3844 incertum
1436 3782 1494 3857 est,

200 3884 236 3944 ut
264 3881 331 3945 eius
357 3879 449 3958 ratio,
478 3900 576 3962 quam
603 3879 749 3944 habitam
778 3900 847 3944 esse
871 3880 990 3944 Suidae
1017 3869 1239 3945 testimonium
1265 3883 1362 3963 plane
1389 3883 1495 3960 docet,

200 3983 312 4048 haberi
336 3983 468 4047 omnino
490 4002 558 4047 non
580 3983 738 4065 potuerit,
765 3982 825 4046 nisi
848 3984 929 4046 alter
951 4002 1041 4047 error
1063 3984 1262 4062 accessisset,
1291 4003 1355 4067 quo
1377 3985 1430 4048 ille
1453 3984 1495 4049 de

199 4085 384 4150 Antimachi
406 4085 608 4169 Panyassidis
637 4087 784 4150 auditore
815 4105 904 4149 error
931 4086 1114 4150 confirmari
1136 4087 1307 4150 videretur.
1358 4087 1431 4165 Qua
1453 4086 1494 4151 de

199 4208 245 4265 re,
267 4189 323 4252 uhi
346 4190 386 4253 de
410 4190 537 4253 duobus
559 4188 807 4271 Panyassidibus
830 4188 969 4253 confusis
991 4190 1080 4254 loeus
1104 4192 1161 4268 est,
1192 4188 1370 4252 accuratius
1392 4188 1493 4252 disse·

288 4342 309 4411 ¹)
336 4344 368 4397 cf.
389 4343 523 4408 Geffclren,
542 4343 575 4397 de
592 4343 731 4412 Stephano
749 4343 812 4412 Byr.
831 4342 894 4397 diss.
913 4343 1031 4412 Gotting.
1051 4344 1126 4397 1886.
1146 4360 1171 4411 p.
1186 4343 1221 4396 53
1239 4347 1265 4395 et
1283 4342 1417 4397 Susamihl
1434 4343 1451 4396 l.
1470 4359 1492 4396 c.

199 4445 225 4496 p.
243 4429 307 4495 548,
327 4429 374 4497 qui
392 4445 455 4483 eum
473 4434 536 4482 ante
553 4429 737 4485 Alexandrum
756 4429 953 4497 Polybistorem
972 4430 1016 4496 (=
1034 4435 1097 4484 ante
1115 4446 1139 4483 a.
1160 4430 1210 4483 100
1227 4428 1282 4481 fere
1300 4444 1325 4481 a.
1343 4426 1390 4481 Ch.
1409 4426 1448 4495 n.)
1466 4433 1494 4480 et

198 4519 261 4582 post
279 4531 382 4568 annum
401 4514 451 4567 166
469 4520 583 4583 ponunt.
