3604 5288
850 351 891 360 -
938 314 1063 377 11-

310 505 452 568 gnomen
469 486 568 551 fuisse
587 486 656 567 ipse
679 485 949 570 demonstraritl)
973 489 1083 550 tamen
1106 485 1139 548 in
1162 485 1314 566 opinione
1337 487 1499 552 contraria
1520 487 1600 552 hae·
1653 499 1656 504 '

310 609 385 654 rens
407 590 516 653 locum
534 589 764 670 interpretatus
781 592 840 665 est,
863 589 957 669 quasi
971 587 1129 652 Thurium
1144 607 1242 652 nemo
1264 588 1468 654 Herodotum
1487 592 1601 672 appel·

310 692 419 770 lasset,
446 692 525 773 quin
545 692 665 756 abusu
683 692 848 755 communi
865 691 1054 756 discederet.
1089 691 1223 756 Stollius
1241 694 1351 756 autem
1370 693 1601 760 documentum

308 795 385 859 inde
396 795 544 876 sumpsit,
559 795 648 875 quod
661 793 865 858 Herodotum
876 795 1028 876 opinatus
1040 798 1089 859 est
1100 814 1120 857 a
1130 793 1389 880 nullo-Thurium
1400 797 1601 877 appellatum

309 919 381 962 esse
403 899 465 962 nisi
488 898 543 980 qui
563 883 769 962 Herodotum
791 897 920 961 'lhuriis
944 897 1142 960 domicilium
1164 897 1340 961 collocasse
1363 897 1600 979 significaturus

309 1004 405 1065 esset.
454 1000 578 1065 Neutra
605 1000 701 1082 igitur
730 1000 839 1081 opinio
861 1000 994 1082 probari
1015 1003 1139 1081 potest,
1171 999 1233 1063 nisi
1255 1000 1413 1064 Thorium
1435 1001 1600 1084 appellare

308 1103 514 1168 Herodotum
536 1103 624 1185 apud
645 1107 771 1167 veteres
793 1103 983 1166 inusitatum
1004 1102 1073 1167 fuit.

395 1224 439 1287 At
461 1224 557 1302 longe
580 1222 680 1287 alium
701 1222 735 1285 in
757 1223 819 1286 hac
841 1242 876 1285 10
897 1226 1044 1286 veterum
1066 1243 1144 1287 usus
1167 1243 1202 1287 se
1223 1224 1370 1304 praebet.
1405 1223 1601 1306 Quanquam

309 1326 396 1390 enirn
434 1325 523 1408 apud
562 1325 734 1406 scriptores
774 1324 963 1406 posterioris
1000 1326 1117 1390 aetatis
1154 1327 1341 1392 Herodotus
1384 1346 1452 1390 non
1493 1328 1599 1391 minus

308 1428 575 1493 Halicarnasseus
605 1448 705 1509 quarn
733 1428 874 1491 Thurius
903 1427 1139 1508 appellabatur,
1170 1431 1282 1494 tarnen
1312 1429 1491 1492 diutissime
1521 1429 1599 1494 illud

309 1550 490 1612 cognomen
515 1531 719 1609 inusitatum,
750 1531 813 1594 hoc
841 1530 875 1593 in
903 1549 965 1594 usu
992 1530 1099 1594 solum
1126 1531 1195 1595 fuit.
1246 1532 1359 1613 ltaque
1386 1532 1413 1595 si
1439 1531 1599 1596 Thurium

307 1634 403 1698 Duris
425 1633 630 1698 Herodotum
652 1633 860 1715 appellasset,
883 1633 1001 1697 eodem
1023 1634 1214 1715 cognomine
1236 1653 1314 1697 usus
1338 1639 1424 1698 esset
1444 1655 1482 1698 ac
1501 1636 1599 1700 ceteri

309 1756 433 1800 omnes.
466 1736 580 1818 Neque
597 1736 692 1816 igitur
708 1741 777 1801 erat
799 1757 855 1800 cur
873 1736 906 1799 in
925 1736 1132 1817 Panyassidis
1151 1737 1218 1801 vita
1236 1737 1278 1800 de
1297 1736 1466 1801 Herodoto
1487 1757 1598 1818 super·

307 1859 487 1903 vacaneum
508 1839 588 1902 illud
610 1843 881 1903 commemoraret
922 1888 929 1902 .
997 1898 1000 1903 .

394 1958 550 2022 Videlicet
578 1958 605 2021 si
625 1957 813 2023 Herodotus
840 1959 873 2022 in
894 1959 967 2023 libri
990 1961 1040 2024 sui
1066 1959 1156 2023 initio
1181 1960 1243 2023 sibi
1266 1959 1514 2025 Halicarnasseo
1542 1981 1597 2026 co-

307 2081 449 2144 gnomen
461 2061 614 2139 dedisset,
633 2081 717 2142 quae
728 2061 823 2125 lectio
835 2081 921 2126 nunc
932 2063 1083 2127 omnibus
1100 2063 1167 2126 fere
1184 2063 1274 2126 haud
1290 2063 1441 2144 ambigue
1456 2065 1597 2145 genuina

308 2165 442 2241 videtur,
465 2164 544 2228 illud
566 2183 747 2245 cognomen
769 2165 958 2229 inusitatum
981 2186 1053 2229 esse
1074 2185 1243 2246 nunquam
1264 2165 1379 2247 potuit.
1417 2166 1484 2230 Sed
1505 2167 1596 2232 Hali-

307 2287 516 2331 carnasseum
543 2267 729 2331 Herodotus
759 2266 813 2330 1110
843 2267 915 2356 1000
944 2288 979 2331 00
1008 2269 1190 2352 appellasse
1222 2287 1290 2332 non
1319 2257 1438 2350 potest.
1488 2270 1597 2351 Atque

307 2370 475 2446 editiones,
506 2389 590 2450 quae
618 2389 657 2432 eo
688 2370 880 2449 cognomine
908 2374 1086 2448 uterentur,
1117 2371 1172 2435 diu
1198 2371 1302 2434 nullas
1330 2371 1429 2434 fuisse
1458 2377 1595 2454 oportet.

306 2472 392 2535 Nam
414 2472 470 2535 diu
491 2471 682 2535 inusitatum
703 2471 737 2534 id
759 2471 857 2536 tuisse
879 2476 1026 2536 veterum
1047 2473 1234 2538 testimonia
1256 2474 1384 2538 docent.

392 2592 538 2656 Primum
569 2593 689 2654 testem
722 2590 919 2656 Strabonem
928 2589 954 2676 2)
994 2593 1111 2671 affero,
1143 2594 1198 2675 qui
1229 2595 1317 2657 viros
1349 2594 1475 2658 nobiles
1505 2594 1597 2658 Hali-

300 2695 451 2759 ‘carnassi
480 2699 576 2758 natos
607 2711 800 2757 enumerans
830 2693 1034 2759 Herodotum
1063 2699 1180 2777 postea
1207 2696 1365 2760 'lhurium
1398 2697 1597 2778 appellatum

307 2817 378 2861 esse
401 2797 486 2874 dicit,
516 2796 605 2878 quod
631 2796 778 2860 coloniae
800 2796 940 2861 Thuriae
964 2799 1040 2861 civis
1063 2799 1168 2862 factus
1191 2803 1286 2863 esset.
1332 2799 1424 2876 Quae
1446 2800 1548 2863 verba
1569 2800 1596 2863 si

304 2900 385 2963 nihil
404 2900 543 2982 amplius
559 2899 621 2962 sibi
638 2900 768 2976 vellent,
790 2900 852 2962 nisi
874 2889 1015 2966 e'undern
1032 2903 1237 2966 Herodotum
1255 2901 1540 2966 Halicarnasseum
1558 2922 1597 2966 ac

305 3002 463 3066 Thurium
485 3001 658 3084 appellari,
688 3002 778 3066 locus
807 3003 877 3066 aliis
898 3005 1006 3068 verbis
1028 3005 1142 3070 haberi
1165 3004 1299 3068 deberet
1326 3007 1423 3084 atque
1446 3005 1594 3069 habetur.

306 3105 400 3168 Certe
417 3105 503 3168 enirn
523 3107 598 3168 ante
615 3104 741 3188 Θούριον
763 3106 900 3169 verbum
923 3109 973 3170 καί
991 3108 1089 3172 1110011
1108 3107 1259 3171 debebat.
1294 3107 1391 3184 Quod
1410 3127 1484 3171 cum
1502 3108 1596 3186 desit,

304 3206 473 3270 Herodoto
503 3206 752 3270 Halicarnasseo
784 3227 965 3288 cognomen
994 3215 1123 3290 oportet
1152 3210 1323 3274 Strabonis
1351 3213 1498 3291 1011111010
1526 3213 1595 3273 tam

304 3329 378 3373 raro
406 3309 520 3373 datum
548 3329 629 3386 esse,
652 3313 688 3372 ut
716 3309 822 3373 dicere
848 3313 1068 3377 necessarium
1090 3313 1252 3377 videretur
1278 3312 1482 3377 Herodotum
1504 3312 1595 3376 Hali-

305 3431 513 3476 carnasseum
542 3432 562 3476 a
591 3411 713 3474 Thurio
743 3431 810 3476 non
837 3413 999 3478 diversum
1031 3435 1111 3479 esse.
1166 3415 1315 3479 Dicturus
1348 3415 1443 3495 igitur
1476 3415 1595 3479 Strabo

305 3517 374 3576 erat
393 3513 608 3590 Herodotum,
627 3515 716 3594 quod
736 3515 899 3579 civitatem
914 3516 1198 3581 Halicarnasseam
1214 3518 1337 3582 Thuria
1354 3521 1594 3594 commutasset,

303 3615 589 3681 Halicarnasseum
618 3617 779 3681 nominari
809 3619 949 3683 desitum
978 3640 1059 3697 esse,
1087 3620 1212 3701 idquod
1237 3640 1273 3684 re
1301 3621 1373 3702 ipsa
1401 3621 1594 3702 postulatur,

304 3737 378 3782 cum
400 3719 605 3783 Herodotum
624 3720 778 3801 aequales
797 3725 884 3785 certe
901 3741 968 3785 non
985 3722 1124 3804 apatria
1141 3723 1383 3804 appellaverint,
1408 3723 1466 3787 sed
1483 3723 1594 3787 001111-

393 3972 413 4040 1)
442 3975 526 4042 1110.
546 3976 587 4029 71.

390 4073 413 4142 ²)
441 4077 539 4130 Strabo
557 4079 617 4132 XIV
635 4080 659 4132 9.
677 4096 704 4148 p.
722 4081 782 4132 656.
814 4077 902 4147 ἄνδρες
922 4079 949 4132 δὲ
973 4079 1104 4149 γεγόνασιν
1123 4079 1150 4140 ἐξ
1168 4080 1248 4151 αὐτῆς
1272 4076 1498 4152 (Athamanum)
1529 4079 1594 4152 Ηρό-

302 4159 375 4217 ὃοτός
393 4179 420 4212 τε
440 4161 452 4214 ὁ
472 4165 633 4232 συγγραφεύς,
652 4159 681 4216 ὃν
699 4161 803 4236 ὕστερον
818 4163 925 4236 Θούριον
943 4165 1067 4218 ἐκάλεσαν
1087 4165 1174 4219 διὰτὸ
1193 4171 1348 4238 κοινωνῆσαι
1363 4171 1409 4237 τῆς
1426 4169 1459 4226 είς
1473 4165 1594 4238 Θουρίους

302 4247 427 4305 ἀποικίας.
464 4247 506 4300 Ad
524 4249 638 4302 civitatis
656 4250 856 4317 possessionem
874 4251 957 4304 verba
982 4250 1022 4302 ut
1040 4251 1070 4303 rb
1087 4253 1244 4324 κοινωνῆσαι
1261 4257 1308 4323 τῆς
1326 4254 1360 4313 εἰς
1378 4251 1500 4326 Θουρίους
1523 4255 1593 4306 ἀποι-

302 4333 357 4392 κίας
376 4337 497 4399 spectare
515 4341 627 4402 apparet
644 4335 781 4388 Plutarchi
798 4336 858 4390 loco
878 4336 976 4390 collato
995 4336 1144 4406 (1100111110)
1163 4338 1191 4392 C.
1206 4339 1248 4393 18:
1273 4341 1302 4391 τὸ
1322 4340 1349 4392 δὲ
1363 4337 1507 4408 Ἡροδότου
1521 4334 1593 4392 ‘Au-

301 4420 465 4487 καρνασσέως
484 4419 594 4490 ίστορίης
613 4419 738 4481 ἀπόδειξις
755 4416 803 4492 ἥδε
821 4421 911 4474 πολλοὶ
935 4423 1138 4493 μεταγράφουσιν
1159 4422 1302 4497 Ἠροῦότου
1321 4422 1438 4492 Θουρίου·
1457 4425 1594 4496 μετῴκησε

301 4504 349 4574 γὰρ
369 4503 403 4564 είς
421 4501 542 4573 Θουρίους
560 4506 666 4575 καὶτῆς
685 4507 802 4567 ἀποικίας
821 4507 918 4578 ἐκείνης
937 4511 1053 4579 μετέσχε.
