3604 5288
811 383 851 392 ...
889 347 938 437 70
983 382 1022 390 -

273 522 350 587 dam
361 518 385 602 ¹)
417 539 492 584 eum
515 539 581 584 non
608 520 770 595 nominat,
799 518 876 599 quin
904 536 979 582 eum
1000 517 1170 598 Polyarchi
1199 516 1301 581 filiurn
1330 517 1429 582 fuisse
1459 521 1491 582 et
1521 517 1562 581 dc

273 624 411 689 Hercule
434 643 565 688 carmen
587 623 753 703 scripsisse
777 622 888 698 addat,
918 640 1002 702 quae
1024 619 1136 684 addita
1156 620 1257 693 verba
1279 619 1375 684 simul
1397 619 1563 684 doctrinae

274 726 527 792 ostentationem
549 727 691 790 indicant
715 730 747 790 et
764 723 971 806 Panyassidis
994 722 1237 805 ignobilitatem.
1282 722 1312 786 ls
1336 723 1422 787 enirn
1445 723 1564 806 situm

273 830 423 912 ignobilis
451 849 519 895 non
547 829 676 908 fuisset,
705 829 839 904 addere,
872 827 960 908 quod
984 847 1114 891 carmen
1136 825 1330 908 scripsisset,
1353 846 1459 907 neque
1482 846 1564 907 opus

275 938 345 999 erat
367 953 473 1015 neque
495 932 787 998 accommodatum.

359 1052 451 1118 Alter
472 1054 565 1118 testis
588 1053 724 1117 idoneus
746 1052 888 1116 Avienus
912 1055 971 1130 est,
994 1052 1101 1132 quarti
1122 1050 1243 1140 saeculi
1264 1053 1372 1132 poeta.
1408 1048 1471 1128 Qui
1492 1049 1564 1113 loco

274 1156 315 1220 de
342 1156 541 1238 Panyasside
570 1157 605 1219 in
635 1175 765 1220 carmen
795 1175 890 1219 suum
919 1159 1049 1236 recepto
1079 1155 1148 1235 ipse
1178 1154 1292 1218 nolens
1322 1153 1432 1230 docet,
1467 1172 1566 1233 quam

273 1259 455 1339 incognitus
496 1258 557 1323 sibi
589 1259 762 1340 Panyassis
803 1258 913 1335 fuerit,
951 1258 1041 1321 cuius
1079 1261 1221 1322 aetatem
1256 1256 1436 1338 longiorem
1470 1256 1565 1320 dicat.

274 1361 380 1442 Supra
397 1363 483 1426 enirn
499 1363 638 1426 vidimus
646 1360 673 1446 2)
690 1363 724 1426 in
739 1363 826 1426 hunc
843 1381 985 1426 errorem
1001 1358 1140 1424 incidere
1151 1359 1313 1425 Arienum
1327 1379 1395 1424 non
1411 1360 1566 1441 potuisse,

275 1465 303 1528 si
320 1465 528 1547 Panyassidis
551 1465 650 1530 vitam
672 1469 879 1546 aetatemque
902 1464 1065 1544 cognitam
1084 1462 1252 1527 habuisset
1269 1483 1408 1544 eumque
1426 1462 1566 1544 legisset.

274 1567 369 1632 Unde
392 1569 478 1632 eninr
509 1569 696 1650 sumpserit,
726 1588 810 1649 quae
841 1565 1014 1647 Panyassis
1045 1567 1086 1630 de
1114 1566 1252 1630 Hercule
1287 1565 1437 1630 draconis
1467 1565 1566 1628 inter·

275 1669 396 1734 tectore
418 1669 538 1749 narrat,
562 1672 627 1735 iarn
650 1690 749 1752 supra
771 1667 919 1733 diximus.
927 1667 954 1753 3)

361 1789 435 1854 Non
466 1791 569 1855 multo
597 1795 673 1872 post
701 1790 861 1854 Avienum
888 1787 1104 1871 Macrobius³)
1133 1789 1220 1865 vixit,
1248 1789 1337 1852 cuius
1366 1791 1456 1852 aetas
1486 1789 1568 1852 circa

275 1911 398 1956 annum
419 1893 484 1957 400
506 1893 575 1958 fuit.
615 1894 676 1958 Hic
694 1893 808 1957 tertius
826 1893 919 1957 testis
940 1892 980 1956 de
999 1892 1195 1956 obscuritate
1210 1891 1416 1974 Panyassidis
1435 1891 1568 1968 accedit,

275 2014 373 2076 quern
402 2015 470 2060 non
498 1995 722 2072 nominaverit,
752 1997 830 2077 quin
862 2015 936 2059 eum
965 1995 1128 2077 egregium
1156 1995 1345 2076 scriptorem
1373 1994 1569 2059 Graecorum

274 2098 375 2162 fuisse
398 2099 542 2164 adderet.

362 2219 430 2284 Nec
452 2224 568 2300 postea
586 2239 730 2301 unquam
746 2219 917 2302 Panyassis
937 2239 977 2282 ex
996 2218 1192 2282 obscuritate
1211 2218 1350 2283 emersit.
1381 2217 1418 2280 ln
1437 2217 1570 2282 Stobaei

274 2322 431 2404 florilegio
455 2324 497 2386 ad
519 2323 698 2406 Panyassin
719 2344 787 2387 non
813 2323 886 2403 plus
913 2341 1014 2385 unum
1042 2321 1258 2402 fragmentum
1280 2321 1429 2402 pertinet.
1473 2321 1571 2402 Apud

274 2425 471 2505 Byzantinos
493 2446 570 2490 vero
593 2425 799 2507 posteriores,
827 2425 887 2488 etsi
908 2444 976 2488 non
1000 2425 1127 2501 desunt,
1151 2425 1205 2506 qui
1226 2423 1431 2506 Panyassidis
1454 2424 1570 2488 menti-

275 2546 373 2590 onem
398 2527 527 2604 faciant,
549 2533 662 2592 tamen
684 2527 738 2608 qui
760 2527 794 2591 in
817 2526 884 2590 eius
907 2526 1013 2590 studio
1037 2532 1182 2591 versatus
1206 2528 1256 2604 sit,
1282 2547 1379 2592 nemo
1401 2526 1569 2592 invenitur.

274 2628 323 2692 Ac
347 2628 513 2712 Tzetzes⁴)
537 2649 612 2694 eum
634 2629 716 2694 inter
737 2629 844 2711 epicos
863 2628 1158 2711 praestantissimos
1178 2650 1372 2695 enumerans
1390 2651 1432 2694 ne
1450 2650 1572 2694 nomen

275 2730 411 2811 quidem
433 2737 520 2797 recte
542 2732 612 2809 scit,
635 2732 724 2813 quod
746 2733 908 2814 scripserit
930 2730 1063 2804 lidroarc.

365 2989 386 3058 ¹)
413 2993 445 3045 X.
464 2992 488 3045 8.
512 2993 538 3046 5.
569 2990 697 3052 Πανύασις
715 2991 742 3044 δὲ
761 2990 913 3062 Πολυάρχου
932 2993 1081 3061 πεποιηκὼς
1099 2987 1270 3062 ἐςιΗροκλὲα
1289 2992 1337 3061 ἔπη
1356 2991 1483 3061 θυγατέρα
1498 2987 1572 3063 Ἀχε-

279 3075 349 3148 λῴου
367 3079 414 3146 τὴν
433 3073 583 3130 Κασταλίαν
602 3079 677 3147 φησὶν
697 3076 770 3131 εἶναι.

364 3169 386 3238 ²)
414 3189 439 3240 p.
458 3173 500 3225 47.
520 3173 562 3224 48.

362 3265 386 3334 3)
414 3267 520 3320 Saturn.
540 3266 570 3318 V.
590 3266 636 3328 2¹3
656 3265 729 3333 apud
746 3264 881 3318 Tzscbirn.
900 3265 949 3334 trg.
968 3267 992 3318 8.
1012 3283 1036 3319 v.
1057 3266 1098 3319 45.
1113 3267 1155 3319 46.
1186 3267 1301 3330 ,ΡοουΙο
1322 3271 1412 3321 autem
1430 3267 1572 3321 Herculem

277 3357 384 3406 vectum
417 3353 452 3405 ad
476 3349 613 3420 Ἐρύθειαν
640 3350 787 3419 Hispaniae
818 3351 935 3404 insulam
961 3351 1104 3420 navigasse
1131 3357 1158 3405 et
1183 3352 1309 3406 Pimastis
1342 3352 1385 3420 (ε
1409 3354 1571 3422 Panyassis),

277 3437 400 3505 egregius
424 3436 538 3505 scriptor
562 3437 739 3501 Graecorum,
767 3442 794 3490 et
817 3438 983 3505 Pherecydes
1007 3442 1101 3490 auctor
1124 3442 1177 3502 est,
1206 3455 1322 3506 quorum
1351 3440 1432 3493 verba
1458 3439 1572 3493 subdere

281 3523 425 3591 supersedi,
445 3523 508 3590 quia
526 3523 669 3592 propriora
687 3528 751 3577 sunt
768 3522 877 3576 fabulae
896 3539 979 3592 quam
997 3523 1147 3576 historiae.“

365 3609 431 3675 Quis
449 3610 500 3663 sub
519 3613 646 3676 corrupto
664 3607 789 3662 Pimastis
807 3608 917 3662 nomine
934 3608 1028 3674 lateat,
1047 3608 1203 3663 Athenaeus
1221 3608 1270 3662 XI.
1288 3627 1314 3678 p.
1328 3611 1412 3664 4694)
1435 3611 1516 3665 nobis
1533 3611 1573 3664 in-

277 3695 362 3758 dicat,
386 3694 434 3747 ubi
456 3694 580 3763 legimus:
606 3693 733 3755 Πανύασις
758 3693 778 3746 δ’
804 3693 830 3746 tr
854 3695 949 3766 πρώτῳ
964 3691 1119 3764 Ἡρακλείας
1141 3694 1210 3767 παρὰ
1235 3692 1346 3765 Νηρέως
1371 3696 1433 3765 φησὶ
1455 3698 1502 3765 τὴν
1527 3696 1572 3748 τοῦ

273 3777 365 3832 Ἧλίου
384 3781 480 3850 φίαλην
505 3780 659 3847 κομίσασθαι
682 3779 726 3832 τὸν
741 3777 874 3847 (Ηρακλία
898 3781 941 3832 καὶ
961 3780 1108 3834 διαπλεῦσαι
1131 3781 1165 3840 εἰς
1180 3777 1327 3850 Ἐρύθειαν.
1363 3781 1504 3836 Correctus
1528 3783 1572 3836 hic

281 3883 354 3919 error
372 3866 427 3919 iam
446 3867 517 3935 apud
535 3866 670 3920 Tzsrhim.
688 3883 714 3934 p.
734 3866 768 3919 45
787 3871 883 3920 exstat.

365 3951 418 4018 Qui
442 3952 614 4021 Panyassidis
638 3952 742 4005 nomini
765 3951 848 4005 verba
872 3952 993 4020 egregius
1015 3953 1130 4020 scriptor
1152 3953 1315 4007 Graecorum
1338 3954 1452 4020 addidit,
1480 3955 1514 4008 ab
1539 3971 1570 4008 eo

279 4054 381 4092 nomen
399 4044 470 4093 recte
494 4039 622 4106 s'cn’ptum
647 4054 706 4091 esse
724 4043 842 4104 oportet;
870 4055 935 4090 nam
953 4038 1102 4106 depravato
1125 4038 1248 4092 Pimastis
1272 4039 1377 4093 nomini
1398 4041 1466 4094 haec
1489 4040 1572 4094 verba

278 4140 357 4177 nemo
377 4124 475 4178 addere
492 4124 580 4192 potuit
597 4123 649 4178 nisi
666 4123 712 4192 qui
731 4123 857 4176 mentitus
876 4129 923 4177 est.
957 4123 1086 4177 Macrobii
1103 4122 1183 4190 igitur
1200 4123 1280 4190 culpa
1297 4141 1399 4179 nomen
1416 4131 1572 4194 corruptum

279 4226 337 4263 esse
364 4226 420 4263 non
446 4210 558 4276 videtur,
586 4211 633 4263 sed
661 4210 695 4262 ab
719 4209 810 4277 aliquo
834 4214 881 4262 aut
906 4209 1053 4277 posteriore
1080 4212 1127 4262 aut
1153 4208 1298 4276 superiore.
1342 4211 1454 4266 Etiamsi
1481 4216 1572 4265 autem

279 4296 431 4349 Macrobius
450 4311 551 4350 nornen
569 4296 603 4349 ab
623 4300 732 4349 auctore
750 4311 800 4348 suo
821 4300 978 4362 corruptum
996 4295 1139 4362 acceperit,
1164 4300 1257 4348 tamen
1280 4295 1356 4350 locus
1378 4297 1462 4351 nihilo
1480 4296 1570 4350 minus

280 4383 372 4445 docet,
391 4398 474 4449 quam
490 4382 600 4450 ignotus
618 4386 676 4435 tum
694 4381 838 4449 Panyassis
856 4381 947 4448 luerit,
966 4381 1042 4434 cuius
1060 4397 1171 4444 nomen,
1196 4379 1244 4434 ubi
1262 4381 1295 4434 de
1312 4382 1426 4436 Hercule
1444 4399 1486 4436 res
1505 4387 1570 4447 erat,

279 4472 434 4534 corruptum
460 4465 545 4535 accipi
569 4483 585 4520 a
603 4468 677 4520 nullo
695 4471 802 4534 poterat
819 4465 870 4519 nisi
890 4466 936 4534 qui
954 4465 1102 4535 Panyassin
1119 4465 1240 4520 Herculis
1259 4473 1400 4521 cantorem
1417 4468 1570 4534 ignorabat

365 4551 389 4619 ⁶¹)
417 4552 532 4617 Cramer,
551 4552 652 4606 Anecd.
672 4553 715 4606 Gr.
734 4553 779 4607 Ill.
797 4569 823 4620 p.
843 4553 901 4606 340.
923 4553 944 4605 1.
