3604 5288
872 301 1083 364 ..35-

462 476 496 554 b)
532 495 557 538 S.
580 494 610 537 v.
632 471 775 555 Didymi:
805 478 935 555 γεγονὼς
964 471 1008 536 ἐπ’
1032 470 1191 537 Ἀντωνίου
1220 475 1269 536 καὶ
1297 470 1466 555 Κικέρωνος
1494 473 1543 536 καὶ
1570 473 1628 543 ἕως

533 576 717 659 Αόγοόστου.
1342 573 1349 584 “

463 680 492 765 c)
533 701 559 744 s,
581 700 611 743 V.
635 677 821 743 Polemonis
837 677 953 741 Laod:
977 674 1013 761 ἦν
1036 677 1061 742 δ’
1085 679 1132 742 ἐπὶ
1152 680 1185 742 δὲ
1202 676 1350 761 Τραιανοό
1372 680 1422 742 καὶ
1445 676 1507 761 μετ’
1532 680 1627 742 αότόυ.

421 786 450 848 3.
485 803 510 847 S.
532 802 562 846 v.
584 781 746 846 Phaniae:
776 777 811 863 ἦν
839 779 865 844 δ’
888 782 935 845 ἐπὶ
962 782 1013 864 τῆς
1037 783 1093 865 ρια’
1123 783 1302 865 ὀλυμπιάδος
1324 783 1374 844 καὶ
1396 781 1551 864 μετέπειτα
1582 782 1629 844 ἐπὶ

334 889 530 973 Ἀλεξάνδρου
565 874 599 950 αὖ
618 885 802 956 Μακεδόνος.
836 883 940 947 Locus
963 882 1143 947 simillimus
1167 882 1196 948 ei
1219 887 1277 961 cst,
1301 902 1399 964 quem
1420 883 1520 947 modo
1542 887 1629 948 trac-

332 991 484 1056 tavimus.
519 988 673 1069 scriptor,
697 988 725 1052 si
743 985 920 1051 Alexandri
942 1005 1077 1067 regnum
1099 987 1142 1050 ab
1165 986 1207 1050 ol.
1226 987 1285 1050 111
1310 985 1451 1067 incipere
1474 985 1629 1064 scivisset,

332 1095 434 1160 verba
455 1096 525 1158 tam
545 1109 697 1174 perverse
712 1109 779 1153 non
797 1089 998 1166 collocasset,
1021 1108 1105 1170 quae
1123 1109 1141 1153 e
1158 1090 1286 1153 duobus
1302 1088 1496 1153 testimoniis
1511 1108 1630 1170 genere

335 1197 470 1262 diversis
492 1195 641 1259 videntur
664 1191 866 1257 confluxisse.
910 1192 1085 1256 Pristinam
1114 1210 1228 1256 eorum
1252 1192 1395 1256 fonuam
1417 1191 1502 1255 hanc
1529 1191 1629 1255 fuisse

335 1303 479 1382 oportet:

490 1403 529 1465 A.
564 1389 599 1485 ἦν
622 1399 647 1464 δ’
671 1401 718 1464 ἐπὶ
739 1403 791 1482 τῆς
815 1403 872 1482 pm‘
897 1400 1086 1482 ὀλυμπιάδος.

489 1505 527 1569 Β.
560 1492 596 1569 io
619 1501 664 1568 ἐπ’
687 1501 884 1585 Ἀλσξανδρου
907 1502 959 1566 τοῦ
983 1500 1157 1572 Μακεδόνος
1179 1503 1230 1564 καὶ
1253 1501 1417 1582 μετέπειτα.

421 1610 452 1672 4.
487 1628 512 1671 S.
524 1629 553 1671 v.
566 1607 655 1671 Lasi:
677 1609 808 1688 γεγονὼς
825 1605 901 1668 κατὰ
916 1607 968 1687 τὴν
985 1607 1031 1687 κη’
1044 1605 1211 1690 ὀλυμπιάδα
1228 1595 1278 1670 dte
1290 1608 1414 1691 Δαρεῖος
1427 1601 1630 1671 ὀὛστάσπου.

422 1711 472 1775 Ol.
492 1711 533 1774 58
556 1709 657 1792 Cyrus
678 1708 767 1790 apud
781 1707 897 1772 Persas
916 1707 1072 1788 regnavit,
1089 1727 1155 1771 non
1167 1707 1302 1786 Darem,
1322 1708 1411 1773 cuius
1430 1727 1565 1790 regnum
1587 1709 1631 1772 ab

337 1815 378 1878 ol.
403 1815 445 1878 65
468 1813 588 1894 incipit.
638 1812 773 1875 Diversa
801 1810 897 1891 igitur
918 1810 1106 1875 testimonia
1127 1813 1285 1891 tanquam
1307 1831 1374 1876 non
1397 1812 1526 1876 diversa
1547 1811 1632 1875 inter

337 1938 372 1983 sc
394 1917 566 1982 coniuncta
588 1918 672 1980 sunt.
723 1914 786 1991 Qui
808 1917 919 1978 autem
942 1933 982 1978 ea
1004 1913 1176 1991 coniunxit,
1208 1914 1319 1996 inepto
1341 1915 1442 1978 verbo
1472 1902 1523 1980 ὅτε
1551 1934 1632 1978 usus

338 2025 387 2087 est
408 2020 567 2097 nesciens,
590 2038 655 2100 quo
677 2022 825 2098 tempore
842 2014 968 2080 Dareus
986 2017 1178 2097 regnaverit.
1211 2017 1352 2081 Pristina
1370 2017 1633 2082 testimoniorum

336 2124 444 2188 forma
467 2123 549 2186 haec
572 2122 699 2186 videtur
720 2121 834 2184 fuisse:

491 2226 530 2289 A.
564 2229 693 2308 γεγονὼς
716 2225 792 2289 κατὰ
813 2226 865 2306 τὴν
888 2219 928 2306 κη’
956 2222 1132 2307 ὀλυμπιάδα.

492 2328 529 2393 B.
563 2325 597 2412 ἦν
621 2326 684 2406 (vel
705 2327 822 2409 γέγονε)
845 2326 892 2388 ἐπὶ
914 2325 1041 2409 Δαρείου
1064 2328 1115 2390 τοῦ
1133 2320 1313 2390 Ὑστάσπου.

427 2431 457 2494 5.
491 2450 517 2492 S.
540 2450 570 2492 v.
592 2427 791 2510 Phocylidis:
822 2428 984 2512 σόγχρονος
1007 2427 1173 2509 Θεόγνιδος·
1196 2415 1232 2512 ἦν
1255 2429 1280 2494 δ’
1304 2430 1444 2513 ἑκάτερος
1466 2431 1540 2511 μετὰ
1561 2434 1631 2515 χμζ’

339 2535 390 2618 ἔτη
413 2535 471 2597 τῶν
494 2530 634 2616 Τρωικῶν
658 2532 812 2614 ὀλυμπιάδι
834 2531 988 2612 γεγονότες
1010 2527 1066 2595 κδ’.

424 2633 615 2717 Phocylides
638 2638 671 2712 et
688 2633 862 2715 Theognis,
886 2633 913 2696 si
930 2633 992 2696 647
1016 2633 1109 2698 annis
1131 2637 1208 2715 post
1225 2635 1358 2699 Troiam
1381 2638 1512 2716 captam
1535 2634 1632 2699 exsti-

338 2741 458 2815 terunt,
475 2756 574 2818 quam
590 2736 679 2818 apud
697 2737 833 2802 Suidam
850 2756 875 2800 s.
891 2755 921 2799 v.
937 2734 1071 2800 Homeri
1087 2736 1120 2800 in
1137 2737 1633 2821 ann01184l83Elrathosthenis

340 2845 373 2907 et
394 2840 586 2923 Apollodori
612 2859 704 2903 more
729 2840 807 2921 poni
838 2843 963 2904 certum
986 2843 1044 2917 est,
1067 2859 1134 2904 non
1156 2839 1199 2903 ol.
1222 2840 1264 2904 59
1292 2839 1507 2921 coniungendi
1530 2843 1632 2917 erant,

340 2944 399 3009 sed
432 2944 472 3008 ol.
497 2944 548 3008 60.
576 2944 607 3020 4,
642 2943 692 3006 cui
723 2963 808 3007 anno
844 2942 876 3005 in
910 2941 1042 3008 Eusebii
1073 2943 1222 3006 versione
1254 2942 1409 3007 Armenia
1441 2943 1632 3025 Phocylides

340 3047 499 3128 ascriptus
522 3049 581 3109 est.
594 3044 618 3128 ¹)

362 3232 368 3240 Ι
427 3150 457 3213 6.
492 3168 517 3211 s.
540 3169 570 3211 v.
593 3147 824 3211 Anacreontis:
852 3148 956 3229 γέγονε
978 3150 1054 3212 κατὰ
1077 3149 1271 3232 Πολυκράτην
1293 3152 1342 3213 τδν
1362 3148 1472 3234 Σάμιον
1494 3151 1633 3233 τύραννον

342 3253 498 3335 ὀλυμπιάδι
521 3254 576 3337 νβ’.

429 3354 509 3418 Cum
525 3353 710 3435 Polycrates
729 3355 884 3434 tyrannus
903 3353 1078 3434 olympiadi
1098 3353 1139 3416 62
1158 3353 1400 3434 coniungendas
1423 3355 1473 3433 sit,
1496 3373 1564 3419 non
1581 3355 1633 3432 52,

341 3457 437 3520 huius
465 3456 657 3539 olympiadis
684 3475 838 3521 numerus
861 3455 903 3518 ad
927 3475 966 3519 ea
987 3456 1088 3519 verba
1110 3475 1194 3536 quae
1216 3457 1414 3521 antecedunt
1435 3457 1547 3521 referri
1568 3477 1635 3521 non

342 3559 463 3623 debuit.
515 3558 606 3623 Haec
636 3558 679 3622 ad
709 3559 826 3623 aetatis
857 3557 982 3636 florem,
1016 3558 1208 3640 olympiadis
1237 3578 1410 3623 numemm
1439 3559 1483 3623 ad
1511 3579 1634 3624 annum

341 3660 487 3725 natalem
510 3664 658 3741 spectare
680 3661 891 3725 manifestum
914 3657 1006 3743 est.²)

430 3764 459 3827 7.
494 3784 519 3827 S.
538 3784 568 3827 v.
589 3764 753 3828 Timothei
768 3763 960 3828 Tersandri:
983 3759 1018 3848 ἧν
1040 3763 1066 3829 δ’
1090 3765 1136 3828 ἐπὶ
1158 3770 1216 3829 τῶν
1236 3762 1394 3850 Εὐριπίδου
1416 3765 1544 3851 χρόνον,
1567 3761 1635 3829 καθ’

343 3858 393 3937 οὓς
416 3869 466 3930 καὶ
488 3868 634 3938 Φίλιππος
657 3869 672 3931 ὀ
696 3867 845 3931 Μακεδὼν
868 3868 1049 3954 ἐβασίλευεν.

427 3969 615 4051 Philippum
630 3989 765 4050 regnare
788 3969 933 4050 coepisse
956 3969 997 4033 ol.
1018 3971 1089 4034 105.
1113 3971 1143 4047 T,
1166 3970 1352 4051 Euripidem
1375 3974 1540 4035 mortuum
1564 3990 1635 4034 esse

342 4073 453 4155 paullo
472 4076 548 4138 ante
570 4073 612 4136 ol.
631 4073 675 4136 94
696 4072 826 4137 scivisse
847 4091 915 4136 non
937 4075 1055 4154 potest,
1080 4073 1135 4153 qui
1157 4074 1258 4137 verba
1280 4074 1391 4155 inepta
1413 4072 1483 4138 καθ’
1502 4063 1554 4145 οὓς
1572 4078 1634 4137 κτλ.

344 4175 480 4256 scripsit.
526 4175 673 4252 Quorum
695 4194 780 4256 quae
801 4175 898 4240 fuerit
920 4176 1026 4239 forma
1047 4176 1234 4255 incorrupta
1255 4175 1427 4240 nescimus

434 4413 455 4483 l)
482 4416 551 4469 Rem
570 4415 694 4484 exposuit
711 4415 835 4469 Rohdius
853 4415 904 4468 nh.
923 4415 957 4468 M.
976 4415 1018 4480 33,
1036 4432 1061 4483 p.
1083 4415 1141 4468 169.
1162 4416 1221 4468 170.

431 4501 454 4568 ²)
481 4502 556 4556 ldem
574 4501 697 4555 Rohdius
715 4500 844 4554 iudicavit
861 4501 877 4553 l.
896 4517 919 4554 c.
938 4516 963 4569 p.
984 4501 1041 4555 190.
