3604 5288
886 285 1098 348 ,430-

345 460 449 523 filium
471 461 500 524 ei
522 458 621 524 fuisse
640 458 799 522 iuvenem.
832 456 974 520 Dubium
993 456 1089 537 igitur
1107 475 1174 520 non
1194 475 1275 532 esse,
1298 456 1375 536 quin
1394 455 1504 520 animo
1524 456 1636 520 audaci

346 565 445 644 atque
478 561 561 626 virili
596 559 736 642 impulsa
773 558 970 640 expeditioni
1011 559 1222 636 interfuisset,
1263 558 1297 623 id
1330 559 1420 640 quod
1452 559 1636 624 Herodotus

346 664 627 728 demonstraturus
658 665 737 739 erat,
769 681 842 726 curn
873 665 971 725 antea
1000 661 1115 726 dixerit
1145 661 1360 726 admiratione
1389 660 1520 742 dignam
1541 662 1638 752 Arte-¹

345 767 474 830 nnsiam
504 786 575 830 esse
602 769 640 831 ut
667 765 832 829 seminam.
876 763 1063 829 Proveotior
1089 764 1184 845 igitur
1210 767 1318 828 aetate
1339 764 1424 827 filius
1447 767 1517 828 erat
1539 784 1637 846 quam

344 873 381 933 ut
403 869 437 932 in
459 869 572 934 matris
593 869 697 936 tutela
720 867 853 948 cogitari
874 867 988 948 possit.
1025 867 1134 948 Ipsam
1155 885 1232 930 vero
1254 870 1395 930 matrem
1416 866 1486 930 viro
1508 872 1636 932 mortuo

347 975 380 1036 et
408 972 520 1037 adulto
550 971 618 1035 filio
648 989 812 1052 regnasse,
841 969 996 1050 quoniam
1017 969 1096 1051 ipsis
1119 970 1226 1034 verbis
1249 969 1290 1034 de
1312 969 1414 1033 tutela
1436 969 1516 1033 nihil
1539 970 1636 1052 signi·

345 1075 447 1139 ficans
468 1074 656 1139 Herodotus
678 1073 764 1149 dicit,
789 1092 854 1154 quo
876 1075 960 1137 teste
982 1073 1016 1135 in
1038 1073 1100 1136 hac
1121 1093 1157 1136 re
1179 1090 1276 1136 nemo
1297 1071 1411 1136 melior
1429 1092 1501 1136 esse
1519 1077 1636 1155 potest,

346 1177 483 1241 dubium
509 1196 577 1240 non
604 1180 663 1254 est,
691 1177 769 1258 quin
790 1174 965 1240 Artemisia
988 1174 1192 1238 dominatum
1213 1174 1364 1238 habuerit
1385 1193 1453 1238 non
1476 1195 1516 1239 ax
1536 1176 1638 1240 tutela

344 1281 411 1357 tilii,
430 1279 491 1344 sed
507 1279 641 1360 exlege.
676 1279 811 1344 Femina
824 1277 911 1342 enim
926 1277 1015 1358 quod
1032 1296 1169 1357 regnum
1185 1277 1320 1357 accepit,
1338 1277 1418 1340 nihil
1435 1277 1508 1342 miri
1527 1277 1635 1356 habet,

345 1383 408 1447 nisi
426 1384 510 1447 torte
530 1382 731 1446 consuetudo
751 1401 789 1446 ac
807 1381 895 1462 leges
915 1380 1119 1458 obstiterunt,
1140 1380 1258 1461 quibus
1277 1381 1365 1461 apud
1383 1379 1481 1445 Cares
1501 1381 1636 1446 feminas

347 1506 367 1549 a
389 1505 489 1566 regno
511 1505 580 1549 non
602 1486 748 1550 exclusas
772 1504 843 1548 esse
867 1483 995 1547 scimus.

430 1587 601 1652 Pisindelis
622 1591 733 1652 utrum
751 1587 866 1651 Xerxis
887 1585 1084 1667 expeditioni
1101 1573 1282 1650 interfuerit
1300 1606 1344 1651 an
1364 1586 1453 1650 domi
1472 1588 1636 1664 manserit,

347 1690 386 1755 e'x
396 1690 556 1755 Herodoti
566 1691 673 1754 verbis
684 1690 891 1772 perspicuum
902 1709 968 1752 non
986 1692 1045 1752 est.
1081 1688 1129 1751 Ex
1147 1688 1294 1752 eiusdem
1312 1689 1353 1752 de
1366 1689 1482 1771 Pythio
1498 1691 1635 1755 narrati-

345 1793 498 1877 uncula1)
521 1794 548 1857 si
571 1793 649 1874 quid
672 1794 713 1858 de
731 1793 794 1856 hac
810 1812 845 1856 re
864 1791 1012 1872 colligere
1028 1791 1112 1868 licet,
1136 1791 1225 1854 domi
1241 1792 1401 1856 mansisse
1417 1811 1484 1856 non
1500 1793 1589 1858 videt
1628 1842 1635 1857 .

347 1896 460 1977 Neque
479 1897 565 1965 enim
585 1896 729 1978 corporis
747 1894 934 1959 infirmitate
951 1894 993 1957 ab
1010 1893 1215 1974 expeditione
1231 1894 1415 1974 prohibitus
1431 1915 1503 1960 esse
1518 1900 1636 1977 potest,

347 1998 503 2080 quoniam
532 1998 702 2062 Herodoto
732 2001 816 2062 teste
845 1997 983 2061 idoneus
1012 1996 1080 2072 suit,
1114 1996 1168 2077 qui
1194 1997 1308 2061 matris
1335 1997 1407 2062 loco
1431 1998 1526 2062 classi
1546 1998 1636 2063 Hali·
1764 1993 1765 1996 ’

347 2121 539 2166 1919999999
561 2105 737 2183 praeesset.

432 2204 595 2281 Quoniam
621 2204 717 2286 igitur
744 2203 916 2286 Lygdamis
944 2201 1164 2283 compluribus
1187 2201 1280 2266 annis
1303 2204 1379 2266 ante
1401 2202 1516 2267 Xerxis
1539 2224 1635 2285 expc-

346 2307 503 2372 ditioncm
532 2310 629 2371 natus
661 2327 732 2371 esse
761 2310 880 2388 potest,
911 2305 991 2370 nihil
1021 2309 1080 2382 est,
1111 2324 1167 2368 cur
1197 2303 1402 2369 Pisindelidis
1431 2303 1533 2369 filium
1563 2327 1637 2372 eum
1769 2320 1770 2354 1

346 2410 445 2473 1111999
467 2428 632 2489 negemus.

433 2510 495 2587 Qui
514 2530 591 2574 vero
607 2512 837 2592 grammaticus
856 2510 897 2574 de
916 2509 967 2574 his
985 2510 1129 2592 tyrannis
1146 2509 1402 2574 Halicarnasseis
1413 2527 1460 2575 ¹ea
1480 2515 1636 2592 exposuit,

348 2617 446 2695 quae
459 2614 547 2695 apud
574 2611 711 2679 Suidam
733 2615 878 2695 legimus
901 2633 1009 2677 rerum
1032 2612 1354 2679 Halicarnassearum
1376 2614 1581 2681 scientiorem
1603 2637 1638 2681 se

345 2709 482 2799 praebet
494 2737 593 2799 quam
604 2721 650 2794 ut,
671 2737 736 2798 quo
755 2720 903 2797 tempore
919 2716 1090 2798 Lygdamis
1110 2717 1271 2798 expulsus,
1295 2738 1359 2799 quo
1378 2716 1446 2781 1919
1465 2719 1638 2801 Panyassis

346 2824 480 2884 necatus
497 2821 547 2899 sit,
566 2821 709 2885 nescisse
727 2820 883 2884 videatur.
919 2818 1044 2895 Quodsi
1061 2823 1187 2883 veteres
1204 2819 1385 2902 Panyassin
1400 2824 1476 2885 ante
1492 2821 1533 2885 91.
1550 2823 1602 2886 81.
1618 2824 1638 2887 3

346 2927 498 2988 necatum
528 2944 598 2988 esse
630 2926 835 3004 compertum
864 2923 1059 2999 habuerunt,
1092 2922 1180 3004 apud
1210 2942 1266 2986 eos
1294 2922 1399 2987 luisse
1422 2927 1562 3005 oportet,
1584 2926 1640 3007 qui

346 3026 460 3090 Xerxis
488 3027 587 3090 aetati
612 3025 753 3106 bellique
774 3026 896 3090 Persici
919 3026 1060 3090 eundem
1085 3025 1265 3107 Panyassin
1292 3026 1516 3105 attribuerent,
1543 3048 1637 3109 quem

347 3129 389 3192 ab
412 3129 483 3192 aliis
506 3129 606 3193 aetati
627 3127 704 3192 belli
725 3127 992 3209 Peleponnesiaci
1014 3129 1204 3192 attributum
1229 3147 1300 3191 esse
1327 3127 1477 3193 vidimus
1527 3131 1638 3212 Itaque

348 3232 503 3312 quoniam
524 3234 650 3295 veteres
679 3250 754 3294 eum
776 3231 937 3295 aetatibus
961 3231 1178 3294 attribuerunt
1204 3250 1317 3294 revera
1338 3231 1478 3295 multum
1499 3232 1582 3297 inter
1604 3253 1639 3296 se

347 3334 552 3410 distantibus,
583 3333 683 3398 verba
713 3336 789 3398 κατὰ
819 3333 853 3398 δέ
881 3357 959 3405 τινας
987 3335 1091 3420 πολλῷ
1118 3334 1323 3420 πρεσβύτερος,
1356 3335 1503 3414 quamvis
1531 3335 1639 3417 inepte

348 3436 468 3500 Suidae
490 3437 562 3501 loco
585 3438 697 3499 nostro
721 3455 756 3499 se
779 3436 934 3513 habeant,
956 3441 1068 3500 tamen
1090 3435 1155 3499 fide
1178 3439 1252 3500 sunt
1273 3436 1370 3516 digna
1390 3441 1422 3500 et
1441 3437 1637 3518 accipienda.

431 3539 525 3602 Nunc
543 3538 721 3614 videamus,
743 3538 831 3619 quod
850 3542 979 3620 tempus
994 3539 1102 3603 verbis
1119 3541 1166 3602 ἐπὶ
1185 3539 1244 3602 τῶν
1261 3540 1415 3622 Περσικῶν
1434 3539 1637 3619 significetur,

349 3660 432 3722 quae
460 3641 503 3704 ad
530 3641 770 3721 expeditionem
796 3640 911 3706 Xerxis
939 3643 1063 3724 primus
1084 3641 1234 3706 Rohdius
1256 3641 1379 3705 rettulit
1401 3647 1488 3707 recte
1510 3643 1638 3707 Eusebii

345 3745 435 3807 Arm.
450 3747 481 3808 et
492 3743 679 3826 Hieronymi
698 3745 921 3809 testimonium
936 3745 1119 3826 neglegens,
1139 3745 1283 3825 quicum
1301 3744 1480 3827 Panyassin
1496 3746 1602 3810 9171.
1618 3746 1639 3808 4

346 3847 442 3911 laude
479 3847 638 3927 insignem
676 3847 896 3929 ascripserint,
935 3849 998 3912 hoc
1035 3848 1222 3912 testimonio
1262 3847 1393 3911 adducti
1431 3848 1573 3912 Naekius
1608 3853 1639 3912 et

346 3949 575 4014 Tzschimerus
601 3949 642 4013 de
668 3953 816 4030 tempore
838 3971 967 4032 pugnae
989 3951 1213 4014 Marathoniae
1240 3950 1447 4031 cogitandum
1470 3970 1540 4015 esse
1563 3971 1637 4015 cen-

346 4056 488 4116 suerunt.
533 4052 600 4116 Sed
627 4053 814 4132 opinionem
840 4073 934 4118 suam
962 4051 1147 4136 Rohdius2)
1176 4072 1242 4116 non
1270 4053 1420 4134 probavit
1441 4054 1638 4134 argumentis

433 4222 444 4263 1

429 4232 454 4377 ²))
480 4224 544 4363 lHecr
556 4224 796 4376 ἔΙὲὗῗὸξιὲηῑο
815 4309 970 4362 adiumento
988 4309 1018 4362 in
1035 4308 1197 4362 difficillimis
1215 4309 1257 4362 bis
1280 4309 1361 4378 rebus
1384 4310 1550 4378 explicandis
1572 4310 1639 4363 mibi

345 4396 425 4449 fuerit
436 4396 520 4463 ipsius
537 4395 636 4448 Rohdii
651 4394 781 4462 quaestio,
801 4410 871 4462 quae
887 4396 1021 4464 (19111911
1040 4395 1114 4449 verbi
1131 4396 1204 4463 apud
1220 4395 1330 4448 Suidam
1345 4412 1397 4449 usu
1415 4400 1463 4461 est,
1482 4395 1591 4450 19119919
1605 4411 1638 4448 eo

345 4481 435 4536 minus
453 4481 540 4545 velim,
559 4481 633 4549 quod
651 4480 685 4533 de
701 4480 864 4547 quibusdam
879 4480 960 4534 rebus
976 4481 1010 4534 ab
1029 4496 1060 4534 eo
1080 4480 1216 4534 dissentio.
