3604 5288
830 327 1043 390 ..16-

292 524 362 570 rem
380 504 413 567 in
433 501 630 567 contrarium
651 498 786 563 vertisse
810 499 930 562 multos
954 517 1024 562 esse
1046 496 1167 572 dicem,
1190 497 1246 577 qui
1268 497 1301 558 in
1322 496 1480 561 Herodoti
1503 516 1581 578 pro-

292 607 400 672 oemio
421 605 522 668 verba
540 599 707 687 Ἡροδότου
725 596 989 685 Ἃλικαρναοοέως
1010 602 1174 664 mutarent
1199 598 1419 686 ἰηιἩροδότου
1442 600 1582 684 Θουρίου,

293 709 391 775 Cuius
412 706 589 771 testimonii
610 705 642 769 id
664 704 754 768 haud
776 703 873 768 dubie
896 703 1120 783 accipiendum
1142 705 1203 779 est,
1226 703 1314 783 quod
1332 703 1426 767 multi
1443 703 1465 766 ii
1483 703 1583 768 fuisse

293 813 452 887 dicuntur,
486 809 541 890 qui
573 807 779 872 Herodotum
809 806 1020 888 appellabant
1049 805 1207 869 Thurium
1236 806 1269 869 in
1297 806 1417 870 tradita
1445 805 1584 872 lectione

293 915 549 999 perseverantes
572 929 672 992 quam
693 909 746 995 ille
769 909 901 990 quidem
925 911 1054 972 secutus
1078 910 1137 983 est,
1164 907 1220 988 qui
1247 908 1280 971 in
1302 907 1485 973 Aristotelis
1508 909 1583 974 rhe-

293 1015 470 1100 toricam,¹)
500 1018 536 1078 ut
566 1012 736 1089 orationis,
769 1031 853 1092 quae
884 1012 1020 1096 εἰρομένη
1051 1013 1198 1086 vocatur,
1228 1012 1412 1092 exemplum
1439 1012 1584 1090 adderet,

294 1119 420 1185 initium
441 1117 515 1182 libri
536 1115 715 1180 Herodotei
736 1114 879 1179 inseruit.
924 1114 1084 1178 Nimirum
1105 1112 1244 1178 lectione
1261 1111 1429 1198 Ἡροδότου
1448 1111 1585 1201 Ἀλικαρ-

294 1223 427 1294 ναοοέυς
459 1219 533 1284 libri
565 1218 744 1283 Herodotei
777 1217 869 1284 initio
901 1217 1084 1299 proposita,
1121 1236 1195 1280 cum
1227 1217 1414 1282 Herodotus
1446 1218 1516 1300 ipse
1549 1238 1585 1282 se

294 1326 580 1391 Halicarnasseum
600 1322 778 1404 professus
798 1320 972 1396 videretur,
994 1319 1064 1384 fieri
1090 1339 1157 1382 non
1191 1320 1297 1401 potuit
1326 1321 1405 1401 quin
1434 1320 1496 1385 hoc
1530 1340 1585 1386 co-

295 1447 455 1512 gnomen,
486 1424 680 1508 praesertim
709 1443 784 1490 cum
805 1423 944 1504 genuina
966 1422 1104 1487 lectione
1127 1423 1283 1486 traditum
1310 1443 1331 1487 a
1353 1423 1462 1488 multis
1489 1428 1585 1504 puta-

296 1535 394 1607 retur,
416 1530 450 1594 in
473 1529 666 1610 scriptorum
688 1545 785 1591 usum
805 1525 966 1590 transiret.

384 1633 457 1711 Quo
486 1635 635 1712 tempore
662 1647 748 1694 nova
778 1629 860 1693 haec
888 1627 984 1692 lectio
1014 1631 1086 1692 orta
1116 1629 1171 1705 sit,
1208 1615 1388 1693 accuratius
1419 1629 1587 1711 explorare

296 1756 364 1802 non
394 1735 566 1810 audemus3
603 1752 792 1816 quanquam
818 1731 939 1796 usitata
968 1750 1006 1794 ac
1032 1733 1111 1795 nota
1140 1731 1240 1795 fuisse
1269 1751 1335 1795 non
1364 1734 1484 1813 potest,
1514 1751 1588 1798 cum

298 1840 340 1904 de
355 1837 514 1903 Herodoti
536 1836 736 1918 malignitate
752 1835 805 1898 ille
819 1834 946 1898 libellus
962 1837 1038 1915 post
1055 1832 1188 1898 Catonis
1204 1853 1319 1899 necem
1337 1832 1588 1919 voluntariam²t

299 1941 437 2023 scriptus
466 1943 724 2022 componeretur.
781 1938 888 2016 Quem
916 1937 1050 2014 librum,
1080 1937 1107 2000 si
1134 1937 1326 2002 Plutarchus
1355 1958 1423 2002 non
1453 1938 1588 2020 scripsit,

298 2048 410 2110 tamen
431 2046 508 2124 post
522 2042 655 2107 Catonis
677 2045 818 2106 mortem
840 2040 973 2104 demum
995 2039 1085 2104 illam
1106 2039 1280 2104 lectionem
1301 2041 1334 2104 in
1351 2059 1447 2104 usum
1462 2041 1589 2105 venisse

299 2149 444 2230 apparet.
497 2145 555 2210 Sin
585 2150 695 2211 autem
716 2143 909 2210 Plutarchus
938 2163 1013 2207 eum
1040 2162 1075 2207 re
1104 2161 1180 2208 vera
1208 2142 1345 2223 scripsit,
1374 2143 1459 2208 hanc
1489 2143 1590 2225 ipsius

298 2249 463 2314 Plutarchi
489 2253 638 2331 tempore
664 2249 698 2311 in
723 2266 819 2311 usum
847 2246 974 2310 venisse
1001 2265 1135 2310 necesse
1158 2248 1217 2310 est.
1261 2245 1427 2310 Potiorem
1450 2246 1536 2311 enim
1559 2249 1591 2310 et

300 2353 517 2434 antiquiorem
544 2352 633 2433 quod
660 2349 853 2414 Plutarchus
880 2369 953 2413 eam
981 2349 1070 2424 dixit,
1099 2348 1218 2413 nullius
1244 2348 1402 2412 momenti
1430 2353 1489 2427 est,
1518 2368 1591 2413 cum

300 2477 387 2521 nova
416 2456 499 2520 haec
525 2445 621 2519 lectio
649 2473 711 2517 usu
739 2451 840 2533 recipi
869 2451 1002 2516 omnino
1032 2471 1100 2515 non
1131 2452 1280 2535 potuerit,
1315 2451 1392 2534 quin
1424 2452 1532 2534 potior
1560 2456 1592 2516 et

302 2557 465 2640 antiquior
493 2557 702 2634 iudicaretur,
735 2555 816 2620 sicut
845 2555 944 2619 hodie
975 2573 1105 2636 quoque
1134 2555 1289 2618 lectiones
1319 2555 1478 2636 genuinae
1508 2555 1591 2620 falso

389 2726 411 2796 ¹)
438 2728 517 2782 Arist.
541 2728 609 2781 rhet.
627 2727 652 2781 3.
679 2725 739 2796 §a
763 2726 826 2783 edit.
843 2725 932 2778 Berol.
956 2726 1009 2783 vol.
1031 2726 1065 2778 Il.
1089 2742 1115 2793 p.
1140 2726 1214 2779 1409.
1250 2722 1394 2796 Ἡροδότου
1419 2723 1526 2797 Θουρίου
1549 2723 1589 2798 ἥδ’

301 2815 412 2885 ἱστορίης
430 2811 562 2874 ἀπόδειξις.
589 2813 676 2881 Quem
692 2814 784 2867 locum
801 2811 891 2878 inepte
909 2816 935 2865 et
952 2811 1052 2880 pariter
1071 2828 1102 2865 ac
1120 2813 1206 2866 multa
1224 2813 1278 2866 alia
1295 2829 1380 2866 mauu
1400 2812 1547 2880 posteriore
1564 2813 1593 2867 in

301 2901 375 2954 hunc
391 2899 490 2953 librum
506 2899 637 2954 insertum
655 2915 713 2953 essa
730 2899 783 2952 iam
802 2897 906 2966 pridem
924 2897 975 2952 Ad.
994 2897 1085 2951 Scholl
1103 2897 1245 2966 (Herodoti
1261 2898 1357 2962 versio,
1377 2900 1509 2968 Stuttgart
1520 2899 1593 2954 1855.

301 2985 385 3054 prael.
402 3002 429 3053 p.
447 2984 493 3052 26)
516 2984 675 3049 declaravit,
700 2983 777 3038 cuius
801 2983 957 3050 opinionem
980 2983 1152 3050 probandam
1170 2999 1229 3037 asse
1247 2999 1352 3038 censeo.
1389 2984 1492 3039 Omitto
1510 2985 1594 3040 Hero-

303 3070 360 3124 doti
376 3071 461 3124 verha
478 3071 560 3124 allata
578 3069 702 3138 exemplo
716 3085 774 3122 esse
788 3068 903 3122 orationi
917 3085 988 3137 qnae
1002 3070 1121 3140 τίρυμίνη
1135 3074 1249 3124 vocatur
1262 3085 1319 3122 non
1330 3086 1420 3138 posse.
1446 3069 1596 3139 Oportebat

303 3155 375 3209 enim
389 3155 519 3209 Herodoti
535 3155 705 3223 prooemium
725 3153 813 3207 afferri
830 3170 917 3222 usqne
935 3154 970 3207 ad
987 3155 1070 3208 verba
1083 3155 1126 3207 act
1141 3151 1170 3207 δι’
1186 3149 1220 3225 ἢν
1234 3155 1318 3225 αἰτίην
1337 3155 1499 3227 ίτυλίμησαν
1517 3156 1596 3225 άλλη·

303 3240 390 3306 λυιοιυ,
409 3256 480 3308 quae
497 3240 581 3294 rerba
599 3239 691 3294 omnia
708 3239 818 3292 reddere
835 3239 947 3308 longum
965 3244 1030 3293 erat.
1057 3240 1110 3294 Sed
1126 3240 1278 3308 exemplum
1293 3241 1402 3295 affertur
1415 3246 1495 3296 antea
1512 3258 1595 3310 quarn

303 3325 460 3380 Aristoteles
474 3325 544 3390 dicit,
559 3324 689 3393 quidnam
703 3323 847 3392 appellatio
862 3323 927 3384 λίξις
941 3324 1058 3397 τίρυρίνη
1074 3325 1125 3378 sibi
1138 3325 1208 3379 velit.
1235 3327 1346 3394 Ineptus
1360 3327 1440 3395 igitur
1452 3328 1596 3382 verborum

303 3410 380 3465 locus
398 3416 445 3476 est,
464 3410 563 3479 quibus
580 3410 698 3478 insuper,
717 3426 780 3464 cum
797 3410 888 3477 paullo
906 3413 969 3478 post
987 3409 1094 3464 occasio
1111 3411 1245 3465 inserendi
1264 3411 1492 3480 opportunissima
1510 3412 1595 3478 tuerit,

304 3496 453 3551 sententiae
470 3496 612 3564 explicatio
627 3495 837 3564 interrumpitur.
871 3495 911 3548 Ac
927 3511 1069 3562 perversus
1087 3501 1127 3550 est
1144 3497 1288 3550 verborum
1306 3498 1382 3562 ordo,
1400 3513 1517 3566 qnorum
1534 3513 1597 3566 pars

304 3581 438 3651 posterior
454 3582 598 3636 manifesto
616 3581 765 3637 hexametri
782 3581 920 3650 ryfflmum
937 3581 1040 3635 reddat.
1073 3581 1149 3649 Quae
1167 3582 1195 3636 in
1213 3598 1269 3636 una
1286 3599 1315 3636 re
1332 3583 1412 3638 nimis
1430 3583 1515 3638 multa
1531 3583 1598 3637 uitia

305 3672 370 3722 sunt
387 3685 470 3736 quarn
494 3673 524 3722 ut
549 3668 583 3721 ab
601 3667 744 3721 Aristotele
761 3667 837 3720 locus
856 3666 971 3734 scriptus
993 3666 1129 3732 rideatur,
1152 3684 1233 3736 quem
1255 3685 1312 3721 non
1334 3684 1367 3722 ex
1389 3669 1449 3737 ipso
1467 3668 1598 3722 Herodoti

305 3753 375 3814 libro
399 3758 551 3821 sumptum,
575 3753 623 3806 sed
647 3752 735 3821 qualis
756 3753 888 3807 memoria
912 3754 1065 3820 tenebatur,
1094 3755 1128 3808 ab
1148 3754 1239 3822 aliquo
1257 3754 1406 3822 posteriore
1428 3755 1598 3822 neglegenter

306 3839 428 3893 additum
454 3839 477 3892 si
503 3837 660 3893 Aristoteles
686 3837 846 3907 scripsisset,
879 3839 971 3907 opinio
998 3844 1093 3894 nostra
1119 3840 1283 3894 documento
1315 3840 1474 3908 gravissimo
1502 3840 1599 3894 confir·

306 3929 432 3979 moretur.

393 4008 416 4078 ²)
439 4011 480 4065 Ea
497 4015 725 4064 commemoratur
742 4009 770 4064 C.
789 4011 813 4063 6.
832 4010 967 4078 Wyttenb.
985 4027 1011 4079 p.
1026 4011 1086 4064 lar.
1114 4011 1225 4078 Quanto
1243 4015 1305 4079 post
1323 4027 1383 4066 eam
1401 4011 1468 4066 liber
1485 4011 1598 4079 scriptus

306 4100 389 4160 esset,
414 4096 481 4150 nihil
497 4095 526 4150 in
543 4096 603 4164 ipso
620 4095 689 4150 libro
709 4096 760 4150 dici
784 4113 817 4150 ex
841 4113 896 4165 quo
915 4101 1056 4165 appareret
1076 4097 1135 4164 ipse
1152 4096 1183 4150 G.
1201 4095 1350 4164 Lahmeyer
1368 4097 1512 4161 concessit,
1536 4112 1599 4150 cum

308 4181 444 4235 Plutarchi
461 4197 520 4236 csse
536 4181 634 4236 librum
653 4183 886 4237 demonstraturus
905 4188 983 4236 esset.
1009 4182 1060 4250 (De
1077 4181 1158 4235 libelli
1177 4180 1338 4246 Plutarchei‚
1356 4183 1402 4250 qui
1420 4183 1454 4236 de
1470 4180 1600 4236 Herodoti

307 4267 475 4335 malignitate
492 4267 655 4331 inscribitur,
681 4273 707 4322 et
724 4269 884 4323 auctoritate
907 4273 1073 4333 claudere,
1097 4267 1216 4335 Gotting.
1236 4267 1310 4321 1843.
1332 4283 1358 4336 ρ.
1377 4267 1425 4321 82:
1448 4268 1488 4322 Dc
1512 4271 1599 4321 aetate

309 4357 400 4407 autern
418 4353 555 4422 scriptoris
573 4368 606 4406 ex
623 4353 684 4421 ipso
701 4353 770 4408 libro
790 4370 846 4408 non
865 4370 951 4422 aeque
969 4353 1046 4407 facile
1064 4357 1106 4407 est
1122 4357 1247 4411 statuere.
1283 4353 1353 4408 Nam
1374 4353 1436 4408 licet
1453 4351 1598 4421 post'Cae-

309 4454 398 4493 sarem
415 4445 442 4494 et
457 4439 587 4494 Catonem
606 4439 704 4492 vixisse
721 4439 796 4492 illurn
810 4438 977 4504 accessesit,
994 4439 1039 4492 vix
1053 4443 1094 4492 est
1107 4438 1136 4492 in
1148 4438 1208 4507 ipsa
1222 4438 1365 4506 scriptione
1380 4455 1435 4506 qno
1449 4438 1600 4493 accuratius

310 4523 413 4578 definiri
430 4524 573 4592 videatur.)
1075 4537 1078 4542 ‘
